<?xml version="1.0" ?><OAI-PMH xmlns="http://www.openarchives.org/OAI/2.0/" xmlns:xsi="http://www.w3.org/2001/XMLSchema-instance" xsi:schemaLocation="http://www.openarchives.org/OAI/2.0/ http://www.openarchives.org/OAI/2.0/OAI-PMH.xsd">
  <responseDate>2024-11-20T18:25:37Z</responseDate>
  <request resumptionToken="1900-01-01@all@UNIGE_ALL@marc21@5986521330005502" verb="ListRecords">https://slsp-unige.alma.exlibrisgroup.com/view/oai/41SLSP_UGE/request</request>
<ListRecords><record><header><identifier>oai:alma.41SLSP_UGE:991000028759705502</identifier><datestamp>2023-04-06T00:09:43Z</datestamp><setSpec>uge_bcen_RapidILL_BOOK</setSpec><setSpec>uge_aaca_RapidILL_BOOK</setSpec><setSpec>uge_abels_RapidILL_BOOK</setSpec><setSpec>uge_dbu_RapidILL_BOOK</setSpec><setSpec>uge_cmu_RapidILL_BOOK</setSpec><setSpec>uge_mail_RapidILL_BOOK</setSpec><setSpec>uge_abbat_RapidILL_BOOK</setSpec><setSpec>UNIGE_ALL</setSpec><setSpec>uge_aobs_RapidILL_BOOK</setSpec><setSpec>uge_acar_RapidILL_BOOK</setSpec></header><metadata>
<record xmlns="http://www.loc.gov/MARC21/slim" xmlns:xsi="http://www.w3.org/2001/XMLSchema-instance" xsi:schemaLocation="http://www.loc.gov/MARC21/slim http://www.loc.gov/standards/marcxml/schema/MARC21slim.xsd"><leader>03024nam a2200385 c 4500</leader><controlfield tag="001">991000028759705502</controlfield><controlfield tag="005">20230405193848.0</controlfield><controlfield tag="008">171031s2017    xxu||||| |||| 00| ||eng d</controlfield><datafield ind1=" " ind2=" " tag="020"><subfield code="a">9781627054614</subfield></datafield><datafield ind1=" " ind2=" " tag="035"><subfield code="a">(swissbib)124301266-41slsp_network</subfield></datafield><datafield ind1=" " ind2=" " tag="035"><subfield code="a">124301266</subfield><subfield code="9">ExL</subfield></datafield><datafield ind1=" " ind2=" " tag="035"><subfield code="a">(RERO)R008725179-41slsp</subfield></datafield><datafield ind1=" " ind2=" " tag="035"><subfield code="a">(EXLNZ-41SLSP_NETWORK)991089627019705501</subfield></datafield><datafield ind1=" " ind2=" " tag="040"><subfield code="a">YDX</subfield><subfield code="b">eng</subfield><subfield code="d">CH-ZuSLS</subfield></datafield><datafield ind1=" " ind2="4" tag="050"><subfield code="a">TK5103.4873</subfield></datafield><datafield ind1=" " ind2="7" tag="072"><subfield code="a">in</subfield><subfield code="2">rero</subfield></datafield><datafield ind1="1" ind2=" " tag="100"><subfield code="a">Ji, Bo</subfield><subfield code="d">1982-</subfield><subfield code="0">(RERO)A027279992</subfield><subfield code="4">cre</subfield></datafield><datafield ind1="1" ind2="0" tag="245"><subfield code="a">Advances in multi-channel resource allocation</subfield><subfield code="b">throughput, delay, and complexity</subfield><subfield code="c">Bo Ji, Xiaojun Lin, Ness B. Shroff</subfield></datafield><datafield ind1=" " ind2="1" tag="264"><subfield code="a">[San Rafael, Calif.]</subfield><subfield code="b">Morgan &amp; Claypool Publ.</subfield><subfield code="c">2017</subfield></datafield><datafield ind1=" " ind2=" " tag="300"><subfield code="a">xiv, 116 pages</subfield><subfield code="b">illustrations (some color)</subfield><subfield code="c">24 cm</subfield></datafield><datafield ind1=" " ind2=" " tag="336"><subfield code="b">txt</subfield><subfield code="2">rdacontent</subfield></datafield><datafield ind1=" " ind2=" " tag="337"><subfield code="b">n</subfield><subfield code="2">rdamedia</subfield></datafield><datafield ind1=" " ind2=" " tag="338"><subfield code="b">nc</subfield><subfield code="2">rdacarrier</subfield></datafield><datafield ind1="1" ind2=" " tag="490"><subfield code="a">Synthesis lectures on communication networks</subfield><subfield code="v">#17</subfield></datafield><datafield ind1=" " ind2=" " tag="504"><subfield code="a">Includes bibliographical references (pages 103-114)</subfield></datafield><datafield ind1="8" ind2=" " tag="520"><subfield code="a">The last decade has seen an unprecedented growth in the demand for wireless services. These services are fueled by applications that often require not only high data rates, but also very low latency to function as desired. However, as wireless networks grow and support increasingly large numbers of users, these control algorithms must also incur only low complexity in order to be implemented in practice. Therefore, there is a pressing need to develop wireless control algorithms that can achieve both high throughput and low delay, but with low-complexity operations. While these three performance metrics, i.e., throughput, delay, and complexity, are widely acknowledged as being among the most important for modern wireless networks, existing approaches often have had to sacrifice a subset of them in order to optimize the others, leading to wireless resource allocation algorithms that either suffer poor performance or are difficult to implement. In contrast, the recent results presented in this book demonstrate that, by cleverly taking advantage of multiple physical or virtual channels, one can develop new low-complexity algorithms that attain both provably high throughput and provably low delay. The book covers both the intra-cell and network-wide settings. In each case, after the pitfalls of existing approaches are examined, new systematic methodologies are provided to develop algorithms that perform provably well in all three dimensions</subfield></datafield><datafield ind1=" " ind2="0" tag="650"><subfield code="a">Radio resource management (Wireless communications)</subfield></datafield><datafield ind1=" " ind2="7" tag="650"><subfield code="a">Systèmes de communication sans fil</subfield><subfield code="0">(IDREF)033869332</subfield><subfield code="2">idref</subfield></datafield><datafield ind1=" " ind2="7" tag="650"><subfield code="a">Réseaux locaux sans fil</subfield><subfield code="0">(IDREF)076531899</subfield><subfield code="2">idref</subfield></datafield><datafield ind1=" " ind2="7" tag="650"><subfield code="a">Gestion des ressources radio</subfield><subfield code="0">(IDREF)137977611</subfield><subfield code="2">idref</subfield></datafield><datafield ind1=" " ind2="7" tag="650"><subfield code="a">Réseaux d'ordinateurs</subfield><subfield code="0">(IDREF)027244105</subfield><subfield code="2">idref</subfield></datafield><datafield ind1="1" ind2=" " tag="700"><subfield code="a">Lin, Xiaojun</subfield><subfield code="c">ingénieur</subfield><subfield code="0">(RERO)A027296489</subfield></datafield><datafield ind1="1" ind2=" " tag="700"><subfield code="a">Shroff, Ness</subfield><subfield code="0">(RERO)A027279995</subfield></datafield><datafield ind1=" " ind2=" " tag="830"><subfield code="a">Synthesis lectures on communication networks</subfield><subfield code="v">17</subfield><subfield code="w">(RERO)R005944286-41slsp</subfield></datafield><datafield ind1=" " ind2=" " tag="900"><subfield code="a">REROnoselfmerge</subfield></datafield><datafield ind1=" " ind2=" " tag="910"><subfield code="a">OCoLC</subfield><subfield code="b">20171031</subfield><subfield code="c">Droits réservés</subfield></datafield></record>
</metadata></record>