<record><header><identifier>oai:alma.41SLSP_UGE:991000028859705502</identifier><datestamp>2023-03-01T01:09:23Z</datestamp><setSpec>uge_cmu_RapidILL_JOURNAL</setSpec><setSpec>uge_aobs_RapidILL_JOURNAL</setSpec><setSpec>uge_aaca_RapidILL_JOURNAL</setSpec><setSpec>uge_bcen_RapidILL_JOURNAL</setSpec><setSpec>uge_abbat_RapidILL_JOURNAL</setSpec><setSpec>uge_mail_RapidILL_JOURNAL</setSpec><setSpec>uge_dbu_RapidILL_JOURNAL</setSpec><setSpec>UNIGE_ALL</setSpec><setSpec>uge_abels_RapidILL_JOURNAL</setSpec><setSpec>uge_acar_RapidILL_JOURNAL</setSpec></header><metadata>
<record xmlns="http://www.loc.gov/MARC21/slim" xmlns:xsi="http://www.w3.org/2001/XMLSchema-instance" xsi:schemaLocation="http://www.loc.gov/MARC21/slim http://www.loc.gov/standards/marcxml/schema/MARC21slim.xsd"><leader>01359nas a2200313 c 4500</leader><controlfield tag="001">991000028859705502</controlfield><controlfield tag="005">20201225184131.0</controlfield><controlfield tag="008">860305d19501992fr || p|  ||| 0    0fre d</controlfield><datafield ind1=" " ind2=" " tag="019"><subfield code="a">Changement de titre selon fascicules du périodique année 47, no 558 et no 559</subfield><subfield code="5">RERO/13.06.1994/labdfm/jmc</subfield></datafield><datafield ind1=" " ind2=" " tag="022"><subfield code="a">0040-1374</subfield></datafield><datafield ind1=" " ind2=" " tag="035"><subfield code="a">(swissbib)080627498-41slsp_network</subfield></datafield><datafield ind1=" " ind2=" " tag="035"><subfield code="a">080627498</subfield><subfield code="9">ExL</subfield></datafield><datafield ind1=" " ind2=" " tag="035"><subfield code="a">(RERO)0688982-41slsp</subfield></datafield><datafield ind1=" " ind2=" " tag="035"><subfield code="a">(EXLNZ-41SLSP_NETWORK)991079911319705501</subfield></datafield><datafield ind1=" " ind2=" " tag="040"><subfield code="a">RERO geudbu</subfield><subfield code="d">CH-ZuSLS</subfield></datafield><datafield ind1=" " ind2="7" tag="072"><subfield code="a">me</subfield><subfield code="2">rero</subfield></datafield><datafield ind1="0" ind2="0" tag="245"><subfield code="a">Techniques hospitalières, médico-sociales et sanitaires</subfield><subfield code="b">la revue de l'équipe des techniciens de la santé</subfield></datafield><datafield ind1=" " ind2="1" tag="264"><subfield code="a">Paris</subfield><subfield code="b">Techniques hospitalières - médico-sociales et sanitaires</subfield></datafield><datafield ind1=" " ind2=" " tag="300"><subfield code="c">31 cm</subfield></datafield><datafield ind1=" " ind2=" " tag="310"><subfield code="a">Mensuel</subfield></datafield><datafield ind1=" " ind2=" " tag="336"><subfield code="b">txt</subfield><subfield code="2">rdacontent</subfield></datafield><datafield ind1=" " ind2=" " tag="337"><subfield code="b">n</subfield><subfield code="2">rdamedia</subfield></datafield><datafield ind1=" " ind2=" " tag="338"><subfield code="b">nc</subfield><subfield code="2">rdacarrier</subfield></datafield><datafield ind1="0" ind2=" " tag="362"><subfield code="a">Année 5, no 52(1950) - année 47, no 558(1992)</subfield></datafield><datafield ind1=" " ind2=" " tag="580"><subfield code="a">Fait suite à: Techniques hospitalières, sanitaires et sociales. Fait suite et redevient : Techniques hospitalières</subfield></datafield><datafield ind1=" " ind2="2" tag="650"><subfield code="a">Hospitals</subfield></datafield><datafield ind1=" " ind2="2" tag="655"><subfield code="a">Periodical</subfield></datafield><datafield ind1="0" ind2="0" tag="785"><subfield code="t">Techniques hospitalières : sous l'égide de l'Association des hautes études hospitalières : la revue des technologies de la santé</subfield><subfield code="w">(RERO)0688954-41slsp</subfield></datafield><datafield ind1="0" ind2="0" tag="780"><subfield code="t">Techniques hospitalières, sanitaires et sociales</subfield><subfield code="w">(RERO)0688963-41slsp</subfield></datafield><datafield ind1=" " ind2=" " tag="900"><subfield code="a">REROnoselfmerge</subfield></datafield></record>
</metadata></record>