<record><header><identifier>oai:alma.41SLSP_UGE:991000028959705502</identifier><datestamp>2024-06-28T00:08:53Z</datestamp><setSpec>uge_bcen_RapidILL_BOOK</setSpec><setSpec>uge_aaca_RapidILL_BOOK</setSpec><setSpec>uge_abels_RapidILL_BOOK</setSpec><setSpec>uge_dbu_RapidILL_BOOK</setSpec><setSpec>uge_cmu_RapidILL_BOOK</setSpec><setSpec>uge_mail_RapidILL_BOOK</setSpec><setSpec>uge_abbat_RapidILL_BOOK</setSpec><setSpec>UNIGE_ALL</setSpec><setSpec>uge_aobs_RapidILL_BOOK</setSpec><setSpec>uge_acar_RapidILL_BOOK</setSpec></header><metadata>
<record xmlns="http://www.loc.gov/MARC21/slim" xmlns:xsi="http://www.w3.org/2001/XMLSchema-instance" xsi:schemaLocation="http://www.loc.gov/MARC21/slim http://www.loc.gov/standards/marcxml/schema/MARC21slim.xsd"><leader>01298nam a2200349 c 4500</leader><controlfield tag="001">991000028959705502</controlfield><controlfield tag="005">20240627115325.0</controlfield><controlfield tag="008">201012s1978    xxu||||| |||| 00| ||eng d</controlfield><datafield ind1=" " ind2=" " tag="020"><subfield code="a">0271005238</subfield></datafield><datafield ind1=" " ind2=" " tag="035"><subfield code="a">(swissbib)237241021-41slsp_network</subfield></datafield><datafield ind1=" " ind2=" " tag="035"><subfield code="a">237241021</subfield><subfield code="9">ExL</subfield></datafield><datafield ind1=" " ind2=" " tag="035"><subfield code="a">(RERO)0260438-41slsp</subfield></datafield><datafield ind1=" " ind2=" " tag="035"><subfield code="a">(IDSBB)003145519DSV01</subfield></datafield><datafield ind1=" " ind2=" " tag="035"><subfield code="a">(EXLNZ-41SLSP_NETWORK)991158554089705501</subfield></datafield><datafield ind1=" " ind2=" " tag="040"><subfield code="a">RERO</subfield><subfield code="d">CH-ZuSLS</subfield></datafield><datafield ind1="1" ind2=" " tag="041"><subfield code="a">eng</subfield><subfield code="h">spa</subfield></datafield><datafield ind1=" " ind2="7" tag="072"><subfield code="a">es</subfield><subfield code="2">rero</subfield></datafield><datafield ind1=" " ind2="7" tag="072"><subfield code="a">th</subfield><subfield code="2">rero</subfield></datafield><datafield ind1="1" ind2=" " tag="100"><subfield code="a">Ruiz, Juan</subfield><subfield code="c">Arcipreste de Hita</subfield><subfield code="0">(RERO)A012316355</subfield><subfield code="4">cre</subfield><subfield code="6">880-01</subfield></datafield><datafield ind1="1" ind2=" " tag="880"><subfield code="a">Ruiz, Juan</subfield><subfield code="d">1283-1350</subfield><subfield code="0">(DE-588)11875033X</subfield><subfield code="6">100-01</subfield></datafield><datafield ind1="1" ind2="0" tag="245"><subfield code="a">&lt;&lt;The&gt;&gt; book of true love</subfield><subfield code="c">Juan Ruiz, the Archpriest of Hita ; transl. in verse and introduction by Saralyn R. Daly ; old Spanish edited by Anthony N. Zahareas ; [ill. by Glenn Ruby]</subfield></datafield><datafield ind1=" " ind2="1" tag="264"><subfield code="a">University Park</subfield><subfield code="a">London</subfield><subfield code="b">Pennsylvania State Univ. Press</subfield><subfield code="c">[1978]</subfield></datafield><datafield ind1=" " ind2="4" tag="264"><subfield code="c">© 1978</subfield></datafield><datafield ind1=" " ind2=" " tag="300"><subfield code="a">X, 454 p.</subfield><subfield code="b">fig.</subfield><subfield code="c">24 cm</subfield></datafield><datafield ind1=" " ind2=" " tag="336"><subfield code="b">txt</subfield><subfield code="2">rdacontent</subfield></datafield><datafield ind1=" " ind2=" " tag="337"><subfield code="b">n</subfield><subfield code="2">rdamedia</subfield></datafield><datafield ind1=" " ind2=" " tag="338"><subfield code="b">nc</subfield><subfield code="2">rdacarrier</subfield></datafield><datafield ind1=" " ind2=" " tag="500"><subfield code="a">Traduit de: Libro de buen amor</subfield></datafield><datafield ind1=" " ind2=" " tag="500"><subfield code="a">Texte espagnol avec trad. anglaise en regard</subfield></datafield><datafield ind1="1" ind2=" " tag="700"><subfield code="a">Daly, Saralyn R.</subfield><subfield code="0">(IDREF)035335734</subfield></datafield><datafield ind1="1" ind2=" " tag="700"><subfield code="a">Ruby, Glenn</subfield><subfield code="0">(RERO)A003768746</subfield></datafield><datafield ind1="1" ind2=" " tag="700"><subfield code="a">Zahareas, Anthony N.</subfield><subfield code="0">(IDREF)028938534</subfield></datafield><datafield ind1=" " ind2=" " tag="900"><subfield code="a">REROnoselfmerge</subfield></datafield></record>
</metadata></record>