<record><header><identifier>oai:alma.41SLSP_UGE:991000029689705502</identifier><datestamp>2023-03-10T01:07:57Z</datestamp><setSpec>uge_bcen_RapidILL_BOOK</setSpec><setSpec>uge_aaca_RapidILL_BOOK</setSpec><setSpec>uge_abels_RapidILL_BOOK</setSpec><setSpec>uge_dbu_RapidILL_BOOK</setSpec><setSpec>uge_cmu_RapidILL_BOOK</setSpec><setSpec>uge_mail_RapidILL_BOOK</setSpec><setSpec>uge_abbat_RapidILL_BOOK</setSpec><setSpec>UNIGE_ALL</setSpec><setSpec>uge_aobs_RapidILL_BOOK</setSpec><setSpec>uge_acar_RapidILL_BOOK</setSpec></header><metadata>
<record xmlns="http://www.loc.gov/MARC21/slim" xmlns:xsi="http://www.w3.org/2001/XMLSchema-instance" xsi:schemaLocation="http://www.loc.gov/MARC21/slim http://www.loc.gov/standards/marcxml/schema/MARC21slim.xsd"><leader>01609nam a2200397 c 4500</leader><controlfield tag="001">991000029689705502</controlfield><controlfield tag="005">20230309090936.0</controlfield><controlfield tag="008">171026s2017    sp ||||| |||| 00| ||spa d</controlfield><datafield ind1=" " ind2=" " tag="020"><subfield code="a">9788447218790</subfield></datafield><datafield ind1=" " ind2=" " tag="035"><subfield code="a">(swissbib)124285376-41slsp_network</subfield></datafield><datafield ind1=" " ind2=" " tag="035"><subfield code="a">124285376</subfield><subfield code="9">ExL</subfield></datafield><datafield ind1=" " ind2=" " tag="035"><subfield code="a">(RERO)R008722862-41slsp</subfield></datafield><datafield ind1=" " ind2=" " tag="035"><subfield code="a">(EXLNZ-41SLSP_NETWORK)991047453299705501</subfield></datafield><datafield ind1=" " ind2=" " tag="040"><subfield code="a">RERO geulhg</subfield><subfield code="d">CH-ZuSLS</subfield></datafield><datafield ind1=" " ind2="7" tag="072"><subfield code="a">ht</subfield><subfield code="2">rero</subfield></datafield><datafield ind1="1" ind2=" " tag="100"><subfield code="a">López, Juan Luis</subfield><subfield code="d">1644-1703</subfield><subfield code="0">(RERO)A027435822</subfield><subfield code="4">cre</subfield></datafield><datafield ind1="1" ind2="0" tag="245"><subfield code="a">Noticias generales del estado que han tenido las armas</subfield><subfield code="b">una nueva crónica del Perú (1578-1683)</subfield><subfield code="c">Ismael Jiménez Jiménez</subfield></datafield><datafield ind1=" " ind2="1" tag="264"><subfield code="a">Sevilla</subfield><subfield code="b">EUS - Editorial Universidad de Sevilla</subfield><subfield code="c">2017</subfield></datafield><datafield ind1=" " ind2=" " tag="300"><subfield code="a">159 páginas</subfield><subfield code="b">figuras, tablas</subfield></datafield><datafield ind1=" " ind2=" " tag="336"><subfield code="b">txt</subfield><subfield code="2">rdacontent</subfield></datafield><datafield ind1=" " ind2=" " tag="337"><subfield code="b">n</subfield><subfield code="2">rdamedia</subfield></datafield><datafield ind1=" " ind2=" " tag="338"><subfield code="b">nc</subfield><subfield code="2">rdacarrier</subfield></datafield><datafield ind1="1" ind2=" " tag="490"><subfield code="a">Colección Americana</subfield><subfield code="v">núm.61</subfield></datafield><datafield ind1=" " ind2=" " tag="504"><subfield code="a">Bibliografía: páginas [71]-73</subfield></datafield><datafield ind1="2" ind2="7" tag="610"><subfield code="a">Espagne</subfield><subfield code="b">Marine militaire</subfield><subfield code="0">(RERO)A010080207</subfield><subfield code="2">rero</subfield></datafield><datafield ind1=" " ind2="7" tag="650"><subfield code="a">Colonies</subfield><subfield code="0">(IDREF)027493458</subfield><subfield code="2">idref</subfield></datafield><datafield ind1=" " ind2="7" tag="650"><subfield code="a">Politique militaire</subfield><subfield code="0">(IDREF)02740837X</subfield><subfield code="2">idref</subfield></datafield><datafield ind1=" " ind2="7" tag="650"><subfield code="a">Arbitristes</subfield><subfield code="0">(IDREF)196951763</subfield><subfield code="2">idref</subfield></datafield><datafield ind1=" " ind2="7" tag="650"><subfield code="a">Histoire militaire</subfield><subfield code="0">(IDREF)050580450</subfield><subfield code="2">idref</subfield></datafield><datafield ind1=" " ind2="7" tag="650"><subfield code="a">16e siècle (fin)-17e siècle</subfield><subfield code="0">(RERO)A023277163</subfield><subfield code="2">rero</subfield></datafield><datafield ind1=" " ind2="7" tag="651"><subfield code="a">Pérou</subfield><subfield code="0">(IDREF)027252388</subfield><subfield code="2">idref</subfield></datafield><datafield ind1=" " ind2="7" tag="651"><subfield code="a">Espagne</subfield><subfield code="0">(IDREF)027224406</subfield><subfield code="2">idref</subfield></datafield><datafield ind1=" " ind2="7" tag="651"><subfield code="a">Pacifique (océan) - ouest</subfield><subfield code="0">(RERO)A010127111</subfield><subfield code="2">rero</subfield></datafield><datafield ind1=" " ind2="7" tag="655"><subfield code="a">Sources</subfield><subfield code="0">(IDREF)027537161</subfield><subfield code="2">idref</subfield></datafield><datafield ind1="1" ind2=" " tag="700"><subfield code="a">Jiménez Jiménez, Ismael</subfield><subfield code="d">1987-….</subfield><subfield code="0">(IDREF)226206653</subfield></datafield><datafield ind1=" " ind2=" " tag="830"><subfield code="a">Colección Americana</subfield><subfield code="v">61</subfield><subfield code="w">(RERO)R004567882-41slsp</subfield></datafield><datafield ind1=" " ind2=" " tag="900"><subfield code="a">REROnoselfmerge</subfield></datafield></record>
</metadata></record>