<record><header><identifier>oai:alma.41SLSP_UGE:991000028749705502</identifier><datestamp>2023-03-01T01:09:23Z</datestamp><setSpec>uge_bcen_RapidILL_BOOK</setSpec><setSpec>uge_aaca_RapidILL_BOOK</setSpec><setSpec>uge_abels_RapidILL_BOOK</setSpec><setSpec>uge_dbu_RapidILL_BOOK</setSpec><setSpec>uge_cmu_RapidILL_BOOK</setSpec><setSpec>uge_mail_RapidILL_BOOK</setSpec><setSpec>UNIGE_ALL</setSpec><setSpec>uge_abbat_RapidILL_BOOK</setSpec><setSpec>uge_aobs_RapidILL_BOOK</setSpec><setSpec>uge_acar_RapidILL_BOOK</setSpec></header><metadata>
<record xmlns="http://www.loc.gov/MARC21/slim" xmlns:xsi="http://www.w3.org/2001/XMLSchema-instance" xsi:schemaLocation="http://www.loc.gov/MARC21/slim http://www.loc.gov/standards/marcxml/schema/MARC21slim.xsd"><leader>02735nam a2200385uc 4500</leader><controlfield tag="001">991000028749705502</controlfield><controlfield tag="005">20201227162755.0</controlfield><controlfield tag="008">200109t20182018oru      b    001 0 eng d</controlfield><datafield ind1=" " ind2=" " tag="020"><subfield code="a">1532655002</subfield><subfield code="q">paperback</subfield></datafield><datafield ind1=" " ind2=" " tag="020"><subfield code="a">1532655010</subfield><subfield code="q">hardcover</subfield></datafield><datafield ind1=" " ind2=" " tag="020"><subfield code="a">9781532655005</subfield><subfield code="q">paperback</subfield></datafield><datafield ind1=" " ind2=" " tag="020"><subfield code="a">9781532655012</subfield><subfield code="q">hardcover</subfield></datafield><datafield ind1=" " ind2=" " tag="035"><subfield code="a">(swissbib)126207070-41slsp_network</subfield></datafield><datafield ind1=" " ind2=" " tag="035"><subfield code="a">126207070</subfield><subfield code="9">ExL</subfield></datafield><datafield ind1=" " ind2=" " tag="035"><subfield code="a">(RERO)R009001035-41slsp</subfield></datafield><datafield ind1=" " ind2=" " tag="035"><subfield code="a">(EXLNZ-41SLSP_NETWORK)991023462069705501</subfield></datafield><datafield ind1=" " ind2=" " tag="040"><subfield code="a">YDX</subfield><subfield code="b">eng</subfield><subfield code="e">rda</subfield><subfield code="d">CH-ZuSLS</subfield></datafield><datafield ind1=" " ind2="7" tag="072"><subfield code="a">th</subfield><subfield code="2">rero</subfield></datafield><datafield ind1="0" ind2="4" tag="082"><subfield code="a">241/.68</subfield><subfield code="2">23</subfield></datafield><datafield ind1="1" ind2=" " tag="100"><subfield code="a">Hargaden, Kevin</subfield><subfield code="0">(RERO)A026814276</subfield><subfield code="4">aut</subfield></datafield><datafield ind1="1" ind2="0" tag="245"><subfield code="a">Theological ethics in a neoliberal age</subfield><subfield code="b">confronting the Christian problem with wealth</subfield><subfield code="c">Kevin Hargaden ; foreword by William T. Cavanaugh</subfield></datafield><datafield ind1=" " ind2="1" tag="264"><subfield code="a">Eugene, Oregon</subfield><subfield code="b">Cascade Books</subfield><subfield code="c">2018</subfield></datafield><datafield ind1=" " ind2="4" tag="264"><subfield code="c">©2018</subfield></datafield><datafield ind1=" " ind2=" " tag="300"><subfield code="a">xxiii, 208 pages</subfield><subfield code="c">23 cm</subfield></datafield><datafield ind1=" " ind2=" " tag="336"><subfield code="b">txt</subfield><subfield code="2">rdacontent</subfield></datafield><datafield ind1=" " ind2=" " tag="337"><subfield code="b">n</subfield><subfield code="2">rdamedia</subfield></datafield><datafield ind1="1" ind2=" " tag="490"><subfield code="a">Theopolitical visions</subfield><subfield code="v">24</subfield></datafield><datafield ind1=" " ind2=" " tag="504"><subfield code="a">Includes bibliographical references (pages 183-195) and indexes</subfield></datafield><datafield ind1="0" ind2=" " tag="505"><subfield code="a">We're all neoliberal now -- Karl Barth and the parables of Jesus -- Telling stories about Irish money -- Rich worship and the response to wealth</subfield></datafield><datafield ind1="8" ind2=" " tag="520"><subfield code="a">Throughout his ministry, Jesus spoke frequently and unabashedly on the now-taboo subject of money. With nothing good to say to the rich, the New Testament -- indeed the entire Bible -- is far from positive towards the topic of personal wealth. And yet, we all seek material prosperity and comfort. How are Christians to square the words of their savior with the balances of their bank accounts, or more accurately, with their unquenchable desire for financial security? While the church has developed diverse responses to the problems of poverty, it is often silent on what seems almost as straightforward a biblical principle: that wealth, too, is a problem. By considering the particular context of the recent economic history of Ireland, this book explores how the parables of Jesus can be the key to unlocking what it might mean to follow Christ as wealthy people without diluting our dilemma or denying the tension. Through an engagement with contemporary economic and political thought, aided by the work of Karl Barth and William T. Cavanaugh, this book represents a unique and innovative intervention to a discussion that applies to every Christian in the Western world</subfield></datafield><datafield ind1=" " ind2="0" tag="650"><subfield code="a">Money</subfield><subfield code="x">Religious aspects</subfield><subfield code="x">Christianity</subfield></datafield><datafield ind1=" " ind2="0" tag="650"><subfield code="a">Wealth</subfield><subfield code="x">Religious aspects</subfield><subfield code="x">Christianity</subfield></datafield><datafield ind1="1" ind2=" " tag="700"><subfield code="a">Cavanaugh, William T.</subfield><subfield code="d">1962-....</subfield><subfield code="0">(IDREF)068552874</subfield><subfield code="4">edt</subfield></datafield><datafield ind1=" " ind2=" " tag="830"><subfield code="a">Theopolitical visions</subfield><subfield code="v">24</subfield><subfield code="w">(RERO)R007873913-41slsp</subfield></datafield><datafield ind1=" " ind2=" " tag="900"><subfield code="a">REROnoselfmerge</subfield></datafield><datafield ind1=" " ind2=" " tag="910"><subfield code="a">OCoLC</subfield><subfield code="b">20200109</subfield><subfield code="c">Réutilisation sous conditions: Licence ODC-BY</subfield></datafield></record>
</metadata></record>