<record><header><identifier>oai:alma.41SLSP_UGE:991000028769705502</identifier><datestamp>2023-04-12T00:11:03Z</datestamp><setSpec>uge_bcen_RapidILL_BOOK</setSpec><setSpec>uge_aaca_RapidILL_BOOK</setSpec><setSpec>uge_abels_RapidILL_BOOK</setSpec><setSpec>uge_dbu_RapidILL_BOOK</setSpec><setSpec>uge_cmu_RapidILL_BOOK</setSpec><setSpec>uge_mail_RapidILL_BOOK</setSpec><setSpec>uge_abbat_RapidILL_BOOK</setSpec><setSpec>UNIGE_ALL</setSpec><setSpec>uge_acar_RapidILL_BOOK</setSpec><setSpec>uge_aobs_RapidILL_BOOK</setSpec></header><metadata>
<record xmlns="http://www.loc.gov/MARC21/slim" xmlns:xsi="http://www.w3.org/2001/XMLSchema-instance" xsi:schemaLocation="http://www.loc.gov/MARC21/slim http://www.loc.gov/standards/marcxml/schema/MARC21slim.xsd"><leader>01921nam a2200421uc 4500</leader><controlfield tag="001">991000028769705502</controlfield><controlfield tag="005">20230410130355.0</controlfield><controlfield tag="008">201011t19901990ne     |      10| ||eng|d</controlfield><datafield ind1=" " ind2=" " tag="010"><subfield code="a">90004437</subfield></datafield><datafield ind1=" " ind2=" " tag="020"><subfield code="a">0792307704</subfield><subfield code="q">HB</subfield></datafield><datafield ind1="7" ind2=" " tag="024"><subfield code="a">http://catalogue.bnf.fr/ark:/12148/cb373911158</subfield><subfield code="2">uri</subfield></datafield><datafield ind1=" " ind2=" " tag="035"><subfield code="a">(swissbib)21269197X-41slsp_network</subfield></datafield><datafield ind1=" " ind2=" " tag="035"><subfield code="a">21269197X</subfield><subfield code="9">ExL</subfield></datafield><datafield ind1=" " ind2=" " tag="035"><subfield code="a">(NEBIS)000555333EBI01</subfield></datafield><datafield ind1=" " ind2=" " tag="035"><subfield code="a">(RERO)1285204-41slsp</subfield></datafield><datafield ind1=" " ind2=" " tag="035"><subfield code="a">(EXLNZ-41SLSP_NETWORK)991130365339705501</subfield></datafield><datafield ind1=" " ind2=" " tag="040"><subfield code="a">ETH-BIB</subfield><subfield code="b">ger</subfield><subfield code="e">ETHICS-ISBD</subfield><subfield code="d">CH-ZuSLS</subfield></datafield><datafield ind1=" " ind2="7" tag="072"><subfield code="a">as</subfield><subfield code="2">rero</subfield></datafield><datafield ind1="0" ind2="0" tag="245"><subfield code="a">Flare stars in star clusters, associations and the solar vicinity</subfield><subfield code="b">proceedings of the 137th Symposium of the International Astronomical Union held in Byurakan (Armenia), U.S.S.R., October 23-27, 1989</subfield><subfield code="c">ed. by L. V. Mirzoyan, B. R. Pettersen and M. K. Tsvetkov</subfield></datafield><datafield ind1=" " ind2="1" tag="264"><subfield code="a">Dordrecht</subfield><subfield code="b">Kluwer</subfield><subfield code="c">[1990]</subfield></datafield><datafield ind1=" " ind2="4" tag="264"><subfield code="c">© 1990</subfield></datafield><datafield ind1=" " ind2=" " tag="300"><subfield code="a">XVII, 410 S.</subfield><subfield code="c">25 cm</subfield><subfield code="b">Ill.</subfield></datafield><datafield ind1=" " ind2=" " tag="336"><subfield code="b">txt</subfield><subfield code="2">rdacontent</subfield></datafield><datafield ind1=" " ind2=" " tag="337"><subfield code="b">n</subfield><subfield code="2">rdamedia</subfield></datafield><datafield ind1=" " ind2=" " tag="338"><subfield code="b">nc</subfield><subfield code="2">rdacarrier</subfield></datafield><datafield ind1="1" ind2=" " tag="490"><subfield code="a">Proceedings of the International Astronomical Union</subfield><subfield code="v">no. 137</subfield></datafield><datafield ind1=" " ind2=" " tag="500"><subfield code="a">Anlassname auch: IAU Symposium</subfield></datafield><datafield ind1=" " ind2=" " tag="500"><subfield code="a">Am Kopf des Titelblattes: International Astronomical Union</subfield></datafield><datafield ind1=" " ind2="7" tag="650"><subfield code="a">FLACKER-STERNE (ASTRONOMIE)</subfield><subfield code="9">ger</subfield><subfield code="0">(ETHUDK)000014073</subfield><subfield code="2">ethudk</subfield></datafield><datafield ind1=" " ind2="7" tag="650"><subfield code="a">étoile particulière</subfield><subfield code="0">(RERO)A010080783</subfield><subfield code="2">rerovoc</subfield></datafield><datafield ind1=" " ind2="7" tag="650"><subfield code="a">Étoiles</subfield><subfield code="x">Amas</subfield><subfield code="0">(IDREF)027871274</subfield><subfield code="2">idref</subfield></datafield><datafield ind1=" " ind2="7" tag="655"><subfield code="a">Konferenzschrift</subfield><subfield code="z">Achtarak</subfield><subfield code="y">1989/10</subfield><subfield code="2">gnd-content</subfield></datafield><datafield ind1=" " ind2="7" tag="655"><subfield code="a">Actes de congrès</subfield><subfield code="0">(IDREF)02886431X</subfield><subfield code="2">idref</subfield></datafield><datafield ind1="1" ind2=" " tag="700"><subfield code="a">Mirzoyan, L.V.</subfield><subfield code="0">(IDREF)165402946</subfield></datafield><datafield ind1="2" ind2=" " tag="710"><subfield code="a">Union astronomique internationale</subfield><subfield code="b">Symposium</subfield><subfield code="n">137</subfield><subfield code="d">1989</subfield><subfield code="c">Byurakan</subfield><subfield code="0">(RERO)A012350829</subfield></datafield><datafield ind1="2" ind2=" " tag="710"><subfield code="a">International Astronomical Union</subfield><subfield code="0">(DE-588)1033-9</subfield></datafield><datafield ind1="2" ind2=" " tag="711"><subfield code="a">International Astronomical Union</subfield><subfield code="e">Symposium</subfield><subfield code="0">(DE-588)1092309764</subfield></datafield><datafield ind1=" " ind2="0" tag="830"><subfield code="a">Proceedings of the International Astronomical Union</subfield><subfield code="v">137</subfield><subfield code="w">(NEBIS)000029766EBI01</subfield></datafield><datafield ind1=" " ind2=" " tag="900"><subfield code="a">REROnoselfmerge</subfield></datafield><datafield ind1=" " ind2=" " tag="961"><subfield code="2">ge-obs</subfield><subfield code="a">23.24</subfield><subfield code="9">LOCAL</subfield></datafield><datafield ind1=" " ind2=" " tag="961"><subfield code="2">ge-obs</subfield><subfield code="a">21.1</subfield><subfield code="9">LOCAL</subfield></datafield></record>
</metadata></record>