<record><header><identifier>oai:alma.41SLSP_UGE:991000029499705502</identifier><datestamp>2023-03-27T00:19:53Z</datestamp><setSpec>uge_bcen_RapidILL_BOOK</setSpec><setSpec>uge_aaca_RapidILL_BOOK</setSpec><setSpec>uge_abels_RapidILL_BOOK</setSpec><setSpec>uge_dbu_RapidILL_BOOK</setSpec><setSpec>uge_cmu_RapidILL_BOOK</setSpec><setSpec>uge_mail_RapidILL_BOOK</setSpec><setSpec>UNIGE_ALL</setSpec><setSpec>uge_abbat_RapidILL_BOOK</setSpec><setSpec>uge_acar_RapidILL_BOOK</setSpec><setSpec>uge_aobs_RapidILL_BOOK</setSpec></header><metadata>
<record xmlns="http://www.loc.gov/MARC21/slim" xmlns:xsi="http://www.w3.org/2001/XMLSchema-instance" xsi:schemaLocation="http://www.loc.gov/MARC21/slim http://www.loc.gov/standards/marcxml/schema/MARC21slim.xsd"><leader>01972nam a2200529 c 4500</leader><controlfield tag="001">991000029499705502</controlfield><controlfield tag="005">20230325065944.0</controlfield><controlfield tag="008">201011s1977    fr ||||| |||| 00| ||fre d</controlfield><datafield ind1=" " ind2=" " tag="035"><subfield code="a">(swissbib)228163323-41slsp_network</subfield></datafield><datafield ind1=" " ind2=" " tag="035"><subfield code="a">228163323</subfield><subfield code="9">ExL</subfield></datafield><datafield ind1=" " ind2=" " tag="035"><subfield code="a">(RERO)0142584-41slsp</subfield></datafield><datafield ind1=" " ind2=" " tag="035"><subfield code="a">(NEBIS)003280705EBI01</subfield></datafield><datafield ind1=" " ind2=" " tag="035"><subfield code="a">(EXLNZ-41SLSP_NETWORK)991010854979705501</subfield></datafield><datafield ind1=" " ind2=" " tag="040"><subfield code="a">RERO</subfield><subfield code="d">CH-ZuSLS</subfield></datafield><datafield ind1=" " ind2="7" tag="072"><subfield code="a">so</subfield><subfield code="2">rero</subfield></datafield><datafield ind1=" " ind2="7" tag="072"><subfield code="a">go</subfield><subfield code="2">rero</subfield></datafield><datafield ind1="0" ind2="4" tag="082"><subfield code="a">301.32</subfield><subfield code="b">C714a</subfield></datafield><datafield ind1="1" ind2="4" tag="082"><subfield code="a">304.630944</subfield></datafield><datafield ind1="1" ind2=" " tag="100"><subfield code="a">Collomb, Philippe</subfield><subfield code="6">880-01</subfield></datafield><datafield ind1="1" ind2=" " tag="880"><subfield code="6">100-01</subfield><subfield code="a">Collomb, Philippe</subfield><subfield code="0">(IDREF)077806441</subfield></datafield><datafield ind1="1" ind2="0" tag="245"><subfield code="a">Aspects culturels et socio-psychologiques de la fécondité française</subfield><subfield code="b">une enquête de l'I.N.E.D. (1971)</subfield><subfield code="c">Philippe Collomb et Elisabeth Zucker</subfield></datafield><datafield ind1=" " ind2="1" tag="264"><subfield code="a">[Paris]</subfield><subfield code="b">Presses universitaires de France</subfield><subfield code="c">1977</subfield></datafield><datafield ind1=" " ind2=" " tag="300"><subfield code="a">IV, 322 p.</subfield><subfield code="b">ill.</subfield><subfield code="c">23 cm</subfield></datafield><datafield ind1=" " ind2=" " tag="336"><subfield code="b">txt</subfield><subfield code="2">rdacontent</subfield></datafield><datafield ind1=" " ind2=" " tag="337"><subfield code="b">n</subfield><subfield code="2">rdamedia</subfield></datafield><datafield ind1=" " ind2=" " tag="338"><subfield code="b">nc</subfield><subfield code="2">rdacarrier</subfield></datafield><datafield ind1="1" ind2=" " tag="490"><subfield code="a">Travaux et documents / Institut national d'études démographiques</subfield><subfield code="v">cahier no 80</subfield></datafield><datafield ind1=" " ind2="7" tag="650"><subfield code="a">Fécondité</subfield><subfield code="0">(IDREF)027278697</subfield><subfield code="2">idref</subfield></datafield><datafield ind1=" " ind2="7" tag="650"><subfield code="a">1971</subfield><subfield code="2">rero</subfield></datafield><datafield ind1=" " ind2="7" tag="650"><subfield code="a">Fertilität</subfield><subfield code="0">(DE-588)4071184-5</subfield><subfield code="2">gnd</subfield></datafield><datafield ind1=" " ind2="7" tag="650"><subfield code="a">Geburtenregelung</subfield><subfield code="0">(DE-588)4019593-4</subfield><subfield code="2">gnd</subfield></datafield><datafield ind1=" " ind2="7" tag="650"><subfield code="a">Sozialpsychologie</subfield><subfield code="0">(DE-588)4055891-5</subfield><subfield code="2">gnd</subfield></datafield><datafield ind1=" " ind2="0" tag="650"><subfield code="a">Families</subfield><subfield code="z">France</subfield></datafield><datafield ind1=" " ind2="0" tag="650"><subfield code="a">Fertility, Human</subfield><subfield code="z">France</subfield></datafield><datafield ind1=" " ind2="0" tag="650"><subfield code="a">Population</subfield><subfield code="x">Public opinion</subfield></datafield><datafield ind1=" " ind2="7" tag="651"><subfield code="a">France</subfield><subfield code="0">(IDREF)027226794</subfield><subfield code="2">idref</subfield></datafield><datafield ind1=" " ind2="7" tag="651"><subfield code="a">Frankreich</subfield><subfield code="0">(DE-588)4018145-5</subfield><subfield code="2">gnd</subfield></datafield><datafield ind1=" " ind2="0" tag="651"><subfield code="a">France</subfield><subfield code="x">Population</subfield></datafield><datafield ind1=" " ind2=" " tag="690"><subfield code="a">Frankreich / Statistik / 1950- ersch.</subfield><subfield code="2">uzb-Z9</subfield></datafield><datafield ind1=" " ind2=" " tag="690"><subfield code="a">Fruchtbarkeit / Soziales</subfield><subfield code="2">uzb-Z9</subfield></datafield><datafield ind1=" " ind2=" " tag="690"><subfield code="a">Demographie</subfield><subfield code="2">uzb-VK</subfield></datafield><datafield ind1=" " ind2=" " tag="690"><subfield code="a">Familie</subfield><subfield code="2">uzb-VK</subfield></datafield><datafield ind1=" " ind2=" " tag="690"><subfield code="a">Sozialpsychologie</subfield><subfield code="2">uzb-VK</subfield></datafield><datafield ind1="1" ind2=" " tag="700"><subfield code="a">Zucker, Elisabeth</subfield><subfield code="0">(RERO)A004002722</subfield></datafield><datafield ind1="2" ind2=" " tag="710"><subfield code="a">Institut national d'études démographiques (France)</subfield><subfield code="0">(RERO)A000087244</subfield></datafield><datafield ind1=" " ind2="0" tag="830"><subfield code="a">Travaux et documents</subfield><subfield code="v">80</subfield><subfield code="w">(NEBIS)001005519EBI01</subfield></datafield><datafield ind1=" " ind2=" " tag="900"><subfield code="a">REROnoselfmerge</subfield></datafield><datafield ind1=" " ind2=" " tag="900"><subfield code="a">IDSZRMedeaZBZ</subfield></datafield></record>
</metadata></record>