<record><header><identifier>oai:alma.41SLSP_UGE:991000028869705502</identifier><datestamp>2023-03-28T00:17:07Z</datestamp><setSpec>uge_bcen_RapidILL_BOOK</setSpec><setSpec>uge_aaca_RapidILL_BOOK</setSpec><setSpec>uge_abels_RapidILL_BOOK</setSpec><setSpec>uge_dbu_RapidILL_BOOK</setSpec><setSpec>uge_cmu_RapidILL_BOOK</setSpec><setSpec>uge_mail_RapidILL_BOOK</setSpec><setSpec>uge_abbat_RapidILL_BOOK</setSpec><setSpec>UNIGE_ALL</setSpec><setSpec>uge_aobs_RapidILL_BOOK</setSpec><setSpec>uge_acar_RapidILL_BOOK</setSpec></header><metadata>
<record xmlns="http://www.loc.gov/MARC21/slim" xmlns:xsi="http://www.w3.org/2001/XMLSchema-instance" xsi:schemaLocation="http://www.loc.gov/MARC21/slim http://www.loc.gov/standards/marcxml/schema/MARC21slim.xsd"><leader>01439nam a2200337 c 4500</leader><controlfield tag="001">991000028869705502</controlfield><controlfield tag="005">20230327180957.0</controlfield><controlfield tag="008">140303s2011    fr ||||| |||| 00| ||fre d</controlfield><datafield ind1=" " ind2=" " tag="020"><subfield code="a">9782304035667</subfield><subfield code="c">€ 29.90</subfield></datafield><datafield ind1=" " ind2=" " tag="035"><subfield code="a">(swissbib)119270935-41slsp_network</subfield></datafield><datafield ind1=" " ind2=" " tag="035"><subfield code="a">119270935</subfield><subfield code="9">ExL</subfield></datafield><datafield ind1=" " ind2=" " tag="035"><subfield code="a">(RERO)R007662307-41slsp</subfield></datafield><datafield ind1=" " ind2=" " tag="035"><subfield code="a">(EXLNZ-41SLSP_NETWORK)991016931319705501</subfield></datafield><datafield ind1=" " ind2=" " tag="040"><subfield code="a">RERO geulha</subfield><subfield code="d">CH-ZuSLS</subfield></datafield><datafield ind1=" " ind2="7" tag="072"><subfield code="a">td</subfield><subfield code="2">rero</subfield></datafield><datafield ind1="0" ind2="0" tag="245"><subfield code="a">&lt;&lt;Les&gt;&gt; rythmes du corps dans l'espace spectaculaire et textuel2</subfield><subfield code="b">arts ouverts : [actes des 3ᵉ et 4ᵉ journées d'études de l'Université de Paris 13 et de l'Université Jean Monnet de Saint-Étienne, 3 avril et 23 octobre 2009]</subfield><subfield code="c">sous la dir. d'Agathe Torti-Alcayaga et Jean-Pierre Simard</subfield></datafield><datafield ind1=" " ind2="1" tag="264"><subfield code="a">Paris</subfield><subfield code="b">Le Manuscrit</subfield><subfield code="c">2011</subfield></datafield><datafield ind1=" " ind2=" " tag="300"><subfield code="a">279 p.</subfield><subfield code="b">ill. en noir</subfield><subfield code="c">23 cm</subfield></datafield><datafield ind1=" " ind2=" " tag="336"><subfield code="b">txt</subfield><subfield code="2">rdacontent</subfield></datafield><datafield ind1=" " ind2=" " tag="337"><subfield code="b">n</subfield><subfield code="2">rdamedia</subfield></datafield><datafield ind1=" " ind2=" " tag="338"><subfield code="b">nc</subfield><subfield code="2">rdacarrier</subfield></datafield><datafield ind1="1" ind2=" " tag="490"><subfield code="a">Recherche et Université</subfield><subfield code="v">13641</subfield></datafield><datafield ind1=" " ind2="7" tag="650"><subfield code="a">Danse</subfield><subfield code="0">(IDREF)027231607</subfield><subfield code="2">idref</subfield></datafield><datafield ind1=" " ind2="7" tag="650"><subfield code="a">Théâtre</subfield><subfield code="0">(IDREF)027253066</subfield><subfield code="2">idref</subfield></datafield><datafield ind1=" " ind2="7" tag="650"><subfield code="a">Corps</subfield><subfield code="0">(IDREF)152122079</subfield><subfield code="2">idref</subfield></datafield><datafield ind1=" " ind2="7" tag="650"><subfield code="a">Espace</subfield><subfield code="0">(IDREF)028241673</subfield><subfield code="2">idref</subfield></datafield><datafield ind1=" " ind2="7" tag="650"><subfield code="a">Textes</subfield><subfield code="0">(IDREF)02779394X</subfield><subfield code="2">idref</subfield></datafield><datafield ind1=" " ind2="7" tag="655"><subfield code="a">Actes de congrès</subfield><subfield code="0">(IDREF)02886431X</subfield><subfield code="2">idref</subfield></datafield><datafield ind1="1" ind2=" " tag="700"><subfield code="a">Torti-Alcayaga, Agathe</subfield><subfield code="d">1966-....</subfield><subfield code="0">(IDREF)160528305</subfield><subfield code="4">edt</subfield></datafield><datafield ind1="1" ind2=" " tag="700"><subfield code="a">Simard, Jean-Pierre</subfield><subfield code="4">edt</subfield></datafield><datafield ind1=" " ind2="0" tag="830"><subfield code="a">Recherche et université</subfield><subfield code="v">13641</subfield><subfield code="w">(RERO)R006317335-41slsp</subfield></datafield><datafield ind1=" " ind2=" " tag="900"><subfield code="a">REROnoselfmerge</subfield></datafield><datafield ind1=" " ind2=" " tag="993"><subfield code="a">BFLA 288135</subfield><subfield code="x">ge/ulha/a/19/0417</subfield><subfield code="9">LOCAL</subfield></datafield></record>
</metadata></record>