<record><header><identifier>oai:alma.41SLSP_UGE:991000029489705502</identifier><datestamp>2023-03-01T01:09:23Z</datestamp><setSpec>uge_bcen_RapidILL_BOOK</setSpec><setSpec>uge_aaca_RapidILL_BOOK</setSpec><setSpec>uge_abels_RapidILL_BOOK</setSpec><setSpec>uge_dbu_RapidILL_BOOK</setSpec><setSpec>uge_cmu_RapidILL_BOOK</setSpec><setSpec>uge_mail_RapidILL_BOOK</setSpec><setSpec>UNIGE_ALL</setSpec><setSpec>uge_abbat_RapidILL_BOOK</setSpec><setSpec>uge_acar_RapidILL_BOOK</setSpec><setSpec>uge_aobs_RapidILL_BOOK</setSpec></header><metadata>
<record xmlns="http://www.loc.gov/MARC21/slim" xmlns:xsi="http://www.w3.org/2001/XMLSchema-instance" xsi:schemaLocation="http://www.loc.gov/MARC21/slim http://www.loc.gov/standards/marcxml/schema/MARC21slim.xsd"><leader>02317nam a2200553 c 4500</leader><controlfield tag="001">991000029489705502</controlfield><controlfield tag="005">20230223211333.0</controlfield><controlfield tag="008">201012s1987    fr ||||| |||| 00| ||fre d</controlfield><datafield ind1=" " ind2=" " tag="020"><subfield code="a">2729703128</subfield></datafield><datafield ind1="7" ind2=" " tag="024"><subfield code="a">http://catalogue.bnf.fr/ark:/12148/cb34971786n</subfield><subfield code="2">uri</subfield></datafield><datafield ind1=" " ind2=" " tag="035"><subfield code="a">(swissbib)242290574-41slsp_network</subfield></datafield><datafield ind1=" " ind2=" " tag="035"><subfield code="a">242290574</subfield><subfield code="9">ExL</subfield></datafield><datafield ind1=" " ind2=" " tag="035"><subfield code="a">(RERO)0934461-41slsp</subfield></datafield><datafield ind1=" " ind2=" " tag="035"><subfield code="a">(NEBIS)001869911EBI01</subfield></datafield><datafield ind1=" " ind2=" " tag="035"><subfield code="a">(EXLNZ-41SLSP_NETWORK)991113760689705501</subfield></datafield><datafield ind1=" " ind2=" " tag="040"><subfield code="a">RERO gevbpu</subfield><subfield code="d">CH-ZuSLS</subfield></datafield><datafield ind1=" " ind2="7" tag="072"><subfield code="a">fr</subfield><subfield code="2">rero</subfield></datafield><datafield ind1=" " ind2="7" tag="072"><subfield code="a">pe</subfield><subfield code="2">rero</subfield></datafield><datafield ind1="0" ind2="4" tag="082"><subfield code="a">843.8</subfield><subfield code="b">S456Zv</subfield></datafield><datafield ind1="1" ind2="4" tag="082"><subfield code="a">843.8</subfield><subfield code="2">22</subfield></datafield><datafield ind1="1" ind2=" " tag="100"><subfield code="a">Vinson, Marie-Christine</subfield><subfield code="d">1950-....</subfield><subfield code="0">(IDREF)029297362</subfield><subfield code="4">cre</subfield></datafield><datafield ind1="1" ind2="0" tag="245"><subfield code="a">&lt;&lt;L'&gt;&gt;éducation des petites filles chez la comtesse de Ségur</subfield><subfield code="c">Marie-Christine Vinson</subfield></datafield><datafield ind1=" " ind2="1" tag="264"><subfield code="a">Lyon</subfield><subfield code="b">Presses universitaires de Lyon</subfield><subfield code="c">1987</subfield></datafield><datafield ind1=" " ind2=" " tag="300"><subfield code="a">322 p.</subfield><subfield code="b">ill.</subfield><subfield code="c">23 cm</subfield></datafield><datafield ind1=" " ind2=" " tag="336"><subfield code="b">txt</subfield><subfield code="2">rdacontent</subfield></datafield><datafield ind1=" " ind2=" " tag="337"><subfield code="b">n</subfield><subfield code="2">rdamedia</subfield></datafield><datafield ind1=" " ind2=" " tag="338"><subfield code="b">nc</subfield><subfield code="2">rdacarrier</subfield></datafield><datafield ind1="1" ind2=" " tag="490"><subfield code="a">Littérature et idéologies</subfield></datafield><datafield ind1=" " ind2=" " tag="504"><subfield code="a">Bibliogr.: p. 301-309</subfield></datafield><datafield ind1="1" ind2="7" tag="600"><subfield code="a">Ségur, Sophie de</subfield><subfield code="d">1799-1874</subfield><subfield code="0">(IDREF)02713105X</subfield><subfield code="2">idref</subfield></datafield><datafield ind1="1" ind2="7" tag="600"><subfield code="a">Ségur, Sophie</subfield><subfield code="c">comtesse de</subfield><subfield code="d">1799-1874</subfield><subfield code="0">(DE-588)118796062</subfield><subfield code="2">gnd</subfield></datafield><datafield ind1="1" ind2="0" tag="600"><subfield code="a">Ségur, Sophie</subfield><subfield code="c">comtesse de</subfield><subfield code="d">1799-1874</subfield><subfield code="x">Criticism and interpretation</subfield></datafield><datafield ind1="1" ind2="4" tag="600"><subfield code="a">Ségur, Sophie</subfield><subfield code="c">comtesse de</subfield><subfield code="d">1799-1874</subfield><subfield code="0">(DE-588)118796062</subfield></datafield><datafield ind1=" " ind2="7" tag="650"><subfield code="a">Éducation</subfield><subfield code="0">(IDREF)027555100</subfield><subfield code="2">idref</subfield></datafield><datafield ind1=" " ind2="7" tag="650"><subfield code="a">Filles</subfield><subfield code="0">(IDREF)027225933</subfield><subfield code="2">idref</subfield></datafield><datafield ind1=" " ind2="7" tag="650"><subfield code="a">Erziehung</subfield><subfield code="0">(DE-588)4015482-8</subfield><subfield code="2">gnd</subfield></datafield><datafield ind1=" " ind2="7" tag="650"><subfield code="a">Mädchen</subfield><subfield code="0">(DE-588)4036871-3</subfield><subfield code="2">gnd</subfield></datafield><datafield ind1=" " ind2="0" tag="650"><subfield code="a">Education in literature</subfield></datafield><datafield ind1=" " ind2="0" tag="650"><subfield code="a">Girls in literature</subfield></datafield><datafield ind1=" " ind2="0" tag="650"><subfield code="a">Women</subfield><subfield code="x">Education</subfield><subfield code="x">History</subfield><subfield code="y">19th century</subfield></datafield><datafield ind1=" " ind2="7" tag="655"><subfield code="z">Frankreich</subfield><subfield code="2">idsmusg</subfield></datafield><datafield ind1=" " ind2=" " tag="690"><subfield code="a">Pädagogik / Literarisches</subfield><subfield code="2">uzb-Z9</subfield></datafield><datafield ind1=" " ind2=" " tag="690"><subfield code="a">Ségur, Sophie de</subfield><subfield code="2">uzb-Z9</subfield></datafield><datafield ind1=" " ind2=" " tag="690"><subfield code="a">Frankreich</subfield><subfield code="x">Kinderliteratur</subfield><subfield code="x">Autorin</subfield><subfield code="x">19.Jh.</subfield><subfield code="2">ids-music</subfield></datafield><datafield ind1=" " ind2=" " tag="690"><subfield code="a">Ségur, Sophie</subfield><subfield code="c">comtesse de</subfield><subfield code="d">1799-1874</subfield><subfield code="2">nebis-E5</subfield></datafield><datafield ind1=" " ind2=" " tag="690"><subfield code="a">Erziehung (Motiv)</subfield><subfield code="x">Kinderbuch (Sekundärliteratur)</subfield><subfield code="2">nebis-E4</subfield></datafield><datafield ind1="4" ind2=" " tag="856"><subfield code="3">Titelblatt und Inhaltsverzeichnis</subfield><subfield code="u">https://toc.library.ethz.ch/objects/pdf_ead50/3/E45_001869911_TB-Inhalt_001928449.pdf</subfield><subfield code="q">pdf</subfield></datafield><datafield ind1=" " ind2=" " tag="830"><subfield code="a">Littérature et idéologies</subfield><subfield code="w">(RERO)0563952-41slsp</subfield></datafield><datafield ind1=" " ind2=" " tag="900"><subfield code="a">REROnoselfmerge</subfield></datafield><datafield ind1=" " ind2=" " tag="949"><subfield code="a">https://toc.library.ethz.ch/objects/pdf_ead50/3/E45_001869911_TB-Inhalt_001928449.pdf</subfield></datafield></record>
</metadata></record>