<record><header><identifier>oai:alma.41SLSP_UGE:991000029719705502</identifier><datestamp>2024-03-09T01:21:44Z</datestamp><setSpec>uge_bcen_RapidILL_BOOK</setSpec><setSpec>uge_aaca_RapidILL_BOOK</setSpec><setSpec>uge_abels_RapidILL_BOOK</setSpec><setSpec>uge_dbu_RapidILL_BOOK</setSpec><setSpec>uge_cmu_RapidILL_BOOK</setSpec><setSpec>uge_mail_RapidILL_BOOK</setSpec><setSpec>uge_abbat_RapidILL_BOOK</setSpec><setSpec>UNIGE_ALL</setSpec><setSpec>uge_aobs_RapidILL_BOOK</setSpec><setSpec>uge_acar_RapidILL_BOOK</setSpec></header><metadata>
<record xmlns="http://www.loc.gov/MARC21/slim" xmlns:xsi="http://www.w3.org/2001/XMLSchema-instance" xsi:schemaLocation="http://www.loc.gov/MARC21/slim http://www.loc.gov/standards/marcxml/schema/MARC21slim.xsd"><leader>02789nam a2200733 c 4500</leader><controlfield tag="001">991000029719705502</controlfield><controlfield tag="005">20240308230426.0</controlfield><controlfield tag="008">201011s2009    gw            00| | ger|d</controlfield><datafield ind1=" " ind2=" " tag="015"><subfield code="a">GFR-CIP-08,N51,1975</subfield><subfield code="a">DNB-09,A14,2238</subfield></datafield><datafield ind1=" " ind2=" " tag="020"><subfield code="a">9783883779935</subfield><subfield code="c">kart. : EUR 17.00</subfield></datafield><datafield ind1=" " ind2=" " tag="035"><subfield code="a">(swissbib)21408132X-41slsp_network</subfield></datafield><datafield ind1=" " ind2=" " tag="035"><subfield code="a">21408132X</subfield><subfield code="9">ExL</subfield></datafield><datafield ind1=" " ind2=" " tag="035"><subfield code="a">(IDSLU)000606904ILU01</subfield></datafield><datafield ind1=" " ind2=" " tag="035"><subfield code="a">(IDSBB)004799904DSV01</subfield></datafield><datafield ind1=" " ind2=" " tag="035"><subfield code="a">(NEBIS)005780250EBI01</subfield></datafield><datafield ind1=" " ind2=" " tag="035"><subfield code="a">(RERO)R005008598-41slsp</subfield></datafield><datafield ind1=" " ind2=" " tag="035"><subfield code="a">(ABN)000497265ABN01</subfield></datafield><datafield ind1=" " ind2=" " tag="035"><subfield code="a">(EXLNZ-41SLSP_NETWORK)991016258879705501</subfield></datafield><datafield ind1=" " ind2=" " tag="040"><subfield code="a">RERO</subfield><subfield code="e">kids</subfield><subfield code="d">CH-ZuSLS</subfield></datafield><datafield ind1="0" ind2=" " tag="041"><subfield code="a">ger</subfield></datafield><datafield ind1=" " ind2="7" tag="072"><subfield code="a">520</subfield><subfield code="2">IDS LU</subfield></datafield><datafield ind1=" " ind2="7" tag="072"><subfield code="a">nd</subfield><subfield code="2">SzZuIDS BS/BE</subfield></datafield><datafield ind1=" " ind2="7" tag="072"><subfield code="a">ph</subfield><subfield code="2">SzZuIDS BS/BE</subfield></datafield><datafield ind1=" " ind2="7" tag="072"><subfield code="a">fl</subfield><subfield code="2">SzZuIDS BS/BE</subfield></datafield><datafield ind1=" " ind2="7" tag="072"><subfield code="a">al</subfield><subfield code="2">rero</subfield></datafield><datafield ind1="0" ind2="4" tag="082"><subfield code="a">121.68</subfield><subfield code="2">22</subfield></datafield><datafield ind1="0" ind2="4" tag="082"><subfield code="a">843.914</subfield><subfield code="2">22/ger</subfield></datafield><datafield ind1="1" ind2="4" tag="082"><subfield code="a">833.92</subfield><subfield code="2">21</subfield></datafield><datafield ind1="1" ind2="4" tag="082"><subfield code="a">840</subfield><subfield code="2">15</subfield></datafield><datafield ind1="1" ind2="4" tag="082"><subfield code="a">830</subfield><subfield code="2">15</subfield></datafield><datafield ind1=" " ind2=" " tag="084"><subfield code="a">IH 46841</subfield><subfield code="2">rvk</subfield></datafield><datafield ind1="0" ind2="0" tag="245"><subfield code="a">Georges-Arthur Goldschmidt</subfield><subfield code="c">Gastredaktion: Tim Trzaskalik</subfield></datafield><datafield ind1=" " ind2="1" tag="264"><subfield code="a">München</subfield><subfield code="b">Edition Text + Kritik</subfield><subfield code="c">2009</subfield></datafield><datafield ind1=" " ind2=" " tag="300"><subfield code="a">94 S.</subfield><subfield code="c">23 cm</subfield></datafield><datafield ind1=" " ind2=" " tag="336"><subfield code="b">txt</subfield><subfield code="2">rdacontent</subfield></datafield><datafield ind1=" " ind2=" " tag="337"><subfield code="b">n</subfield><subfield code="2">rdamedia</subfield></datafield><datafield ind1=" " ind2=" " tag="338"><subfield code="b">nc</subfield><subfield code="2">rdacarrier</subfield></datafield><datafield ind1="1" ind2=" " tag="490"><subfield code="a">Text + Kritik</subfield><subfield code="v">H. 181</subfield></datafield><datafield ind1=" " ind2=" " tag="500"><subfield code="a">Enthält u.a. zwei neue Texte von Georges-Arthur Goldschmidt</subfield></datafield><datafield ind1=" " ind2=" " tag="504"><subfield code="a">Auswahlbibliografie Georges-Arthur Goldschmidt: S. 86-91</subfield></datafield><datafield ind1="1" ind2="7" tag="600"><subfield code="a">Goldschmidt, Georges-Arthur</subfield><subfield code="2">idsbb</subfield></datafield><datafield ind1="1" ind2="7" tag="600"><subfield code="a">Goldschmidt, Georges-Arthur</subfield><subfield code="d">1928-</subfield><subfield code="0">(DE-588)119216361</subfield><subfield code="2">gnd</subfield></datafield><datafield ind1="1" ind2="7" tag="600"><subfield code="a">Goldschmidt, Georges-Arthur</subfield><subfield code="v">Aufsatzsammlung</subfield><subfield code="2">swd</subfield></datafield><datafield ind1="1" ind2="7" tag="600"><subfield code="a">Goldschmidt, Georges-Arthur</subfield><subfield code="2">idszbz</subfield></datafield><datafield ind1="1" ind2="0" tag="600"><subfield code="a">Goldschmidt, Georges-Arthur</subfield><subfield code="d">1928-....</subfield></datafield><datafield ind1="1" ind2="0" tag="600"><subfield code="a">Goldschmidt, Georges-Arthur</subfield><subfield code="d">1928-</subfield><subfield code="x">Criticism and interpretation</subfield></datafield><datafield ind1="1" ind2="7" tag="600"><subfield code="a">Goldschmidt, Georges-Arthur</subfield><subfield code="d">1928-....</subfield><subfield code="0">(IDREF)026896168</subfield><subfield code="2">idref</subfield></datafield><datafield ind1=" " ind2="0" tag="650"><subfield code="a">Authors, French</subfield><subfield code="y">20th century</subfield></datafield><datafield ind1=" " ind2="0" tag="650"><subfield code="a">Bilingual authors</subfield><subfield code="z">France</subfield></datafield><datafield ind1=" " ind2="0" tag="650"><subfield code="a">Translators</subfield><subfield code="z">France</subfield></datafield><datafield ind1=" " ind2="7" tag="650"><subfield code="a">Biographie</subfield><subfield code="2">icz</subfield></datafield><datafield ind1=" " ind2="7" tag="650"><subfield code="a">Französisch, Literatur</subfield><subfield code="2">icz</subfield></datafield><datafield ind1=" " ind2="7" tag="650"><subfield code="a">Goldschmidt, Georges-Arthur</subfield><subfield code="2">icz</subfield></datafield><datafield ind1=" " ind2="7" tag="650"><subfield code="a">Schriftsteller</subfield><subfield code="2">icz</subfield></datafield><datafield ind1=" " ind2="7" tag="655"><subfield code="a">Aufsatzsammlung</subfield><subfield code="2">gnd-content</subfield></datafield><datafield ind1=" " ind2="7" tag="655"><subfield code="a">Aufsatzsammlung</subfield><subfield code="2">idszbz</subfield></datafield><datafield ind1=" " ind2="7" tag="655"><subfield code="a">[Études diverses]</subfield><subfield code="0">(RERO)A022249905</subfield><subfield code="2">rero</subfield></datafield><datafield ind1="1" ind2=" " tag="700"><subfield code="a">Hartwig, Ina</subfield><subfield code="d">1963-....</subfield><subfield code="0">(IDREF)137277555</subfield></datafield><datafield ind1="1" ind2=" " tag="700"><subfield code="a">Trzaskalik, Tim</subfield><subfield code="d">1970-</subfield><subfield code="0">(DE-588)132814668</subfield></datafield><datafield ind1="1" ind2=" " tag="700"><subfield code="a">Goldschmidt, Georges-Arthur</subfield><subfield code="d">1928-</subfield><subfield code="0">(DE-588)119216361</subfield></datafield><datafield ind1=" " ind2="0" tag="830"><subfield code="a">Text + Kritik</subfield><subfield code="v">181</subfield><subfield code="w">(IDSBB)000005681DSV01</subfield></datafield><datafield ind1="4" ind2=" " tag="856"><subfield code="3">Titelblatt und Inhaltsverzeichnis</subfield><subfield code="u">https://toc.library.ethz.ch/objects/pdf/z01_978-3-88377-993-5_01.pdf</subfield><subfield code="q">pdf</subfield></datafield><datafield ind1=" " ind2=" " tag="900"><subfield code="a">IDSZ2zbzmon200904p</subfield><subfield code="c">IDSZ2baus</subfield><subfield code="d">IDSZ2zbzswk200904b</subfield><subfield code="e">IDSZ2boxm</subfield></datafield><datafield ind1=" " ind2=" " tag="900"><subfield code="a">IDSERICZIMPORT</subfield></datafield><datafield ind1=" " ind2=" " tag="949"><subfield code="a">https://toc.library.ethz.ch/objects/pdf/z01_978-3-88377-993-5_01.pdf</subfield></datafield></record>
</metadata></record>