<record><header><identifier>oai:alma.41SLSP_UGE:991000028889705502</identifier><datestamp>2023-12-15T01:25:42Z</datestamp><setSpec>uge_bcen_RapidILL_BOOK</setSpec><setSpec>uge_aaca_RapidILL_BOOK</setSpec><setSpec>uge_abels_RapidILL_BOOK</setSpec><setSpec>uge_dbu_RapidILL_BOOK</setSpec><setSpec>uge_cmu_RapidILL_BOOK</setSpec><setSpec>uge_mail_RapidILL_BOOK</setSpec><setSpec>uge_abbat_RapidILL_BOOK</setSpec><setSpec>UNIGE_ALL</setSpec><setSpec>uge_aobs_RapidILL_BOOK</setSpec><setSpec>uge_acar_RapidILL_BOOK</setSpec></header><metadata>
<record xmlns="http://www.loc.gov/MARC21/slim" xmlns:xsi="http://www.w3.org/2001/XMLSchema-instance" xsi:schemaLocation="http://www.loc.gov/MARC21/slim http://www.loc.gov/standards/marcxml/schema/MARC21slim.xsd"><leader>01204nam a2200313 c 4500</leader><controlfield tag="001">991000028889705502</controlfield><controlfield tag="005">20230217203146.0</controlfield><controlfield tag="008">001222s2003    gw ||||| |||| 00| ||ger d</controlfield><datafield ind1=" " ind2=" " tag="020"><subfield code="a">3788712589</subfield></datafield><datafield ind1=" " ind2=" " tag="035"><subfield code="a">(swissbib)081900538-41slsp_network</subfield></datafield><datafield ind1=" " ind2=" " tag="035"><subfield code="a">081900538</subfield><subfield code="9">ExL</subfield></datafield><datafield ind1=" " ind2=" " tag="035"><subfield code="a">(RERO)0861788-41slsp</subfield></datafield><datafield ind1=" " ind2=" " tag="035"><subfield code="a">(EXLNZ-41SLSP_NETWORK)991104797539705501</subfield></datafield><datafield ind1=" " ind2=" " tag="040"><subfield code="a">RERO labcud</subfield><subfield code="d">CH-ZuSLS</subfield></datafield><datafield ind1=" " ind2="7" tag="072"><subfield code="a">th</subfield><subfield code="2">rero</subfield></datafield><datafield ind1="1" ind2=" " tag="080"><subfield code="a">22.07BK</subfield></datafield><datafield ind1="1" ind2=" " tag="100"><subfield code="a">Hermisson, Hans-Jürgen</subfield><subfield code="d">1933-....</subfield><subfield code="0">(IDREF)029604036</subfield><subfield code="4">cre</subfield></datafield><datafield ind1="1" ind2="0" tag="245"><subfield code="a">Deuterojesaja</subfield><subfield code="n">Teilbd. 2</subfield><subfield code="p">Jesaja 45,8 - 49,13</subfield><subfield code="c">Hans-Jürgen Hermisson</subfield></datafield><datafield ind1=" " ind2="1" tag="264"><subfield code="a">Neukirchen-Vluyn</subfield><subfield code="b">Neukirchener Verl.</subfield><subfield code="c">2003</subfield></datafield><datafield ind1=" " ind2=" " tag="300"><subfield code="a">VIII, 414 S.</subfield><subfield code="c">25 cm</subfield></datafield><datafield ind1=" " ind2=" " tag="336"><subfield code="b">txt</subfield><subfield code="2">rdacontent</subfield></datafield><datafield ind1=" " ind2=" " tag="337"><subfield code="b">n</subfield><subfield code="2">rdamedia</subfield></datafield><datafield ind1=" " ind2=" " tag="338"><subfield code="b">nc</subfield><subfield code="2">rdacarrier</subfield></datafield><datafield ind1="1" ind2=" " tag="490"><subfield code="a">Biblischer Kommentar Altes Testament</subfield><subfield code="v">Bd. 11, 2</subfield></datafield><datafield ind1=" " ind2=" " tag="500"><subfield code="a">Seit 1987 in Lieferungen erschienen; Lfg. 7 vom Gesamtwerk bildete Lfg. 1 von Teilbd. 2</subfield></datafield><datafield ind1="0" ind2="7" tag="630"><subfield code="a">Bible</subfield><subfield code="p">AT</subfield><subfield code="p">Deutéro-Esaïe</subfield><subfield code="0">(RERO)A009967335</subfield><subfield code="2">rero</subfield></datafield><datafield ind1=" " ind2="7" tag="655"><subfield code="a">Commentaire de texte</subfield><subfield code="0">(IDREF)27790681</subfield><subfield code="2">idref</subfield></datafield><datafield ind1="1" ind2=" " tag="800"><subfield code="a">Elliger, Karl</subfield><subfield code="t">Deuterojesaja</subfield><subfield code="v">2</subfield><subfield code="w">(RERO)0632365-41slsp</subfield></datafield><datafield ind1=" " ind2=" " tag="830"><subfield code="a">Biblischer Kommentar Altes Testament</subfield><subfield code="v">11,2</subfield><subfield code="w">(RERO)0565956-41slsp</subfield></datafield><datafield ind1=" " ind2=" " tag="900"><subfield code="a">REROnoselfmerge</subfield></datafield></record>
</metadata></record>