<record><header><identifier>oai:alma.41SLSP_UGE:991000028779705502</identifier><datestamp>2023-03-01T01:09:23Z</datestamp><setSpec>uge_bcen_RapidILL_BOOK</setSpec><setSpec>uge_aaca_RapidILL_BOOK</setSpec><setSpec>uge_abels_RapidILL_BOOK</setSpec><setSpec>uge_dbu_RapidILL_BOOK</setSpec><setSpec>uge_cmu_RapidILL_BOOK</setSpec><setSpec>uge_mail_RapidILL_BOOK</setSpec><setSpec>UNIGE_ALL</setSpec><setSpec>uge_abbat_RapidILL_BOOK</setSpec><setSpec>uge_aobs_RapidILL_BOOK</setSpec><setSpec>uge_acar_RapidILL_BOOK</setSpec></header><metadata>
<record xmlns="http://www.loc.gov/MARC21/slim" xmlns:xsi="http://www.w3.org/2001/XMLSchema-instance" xsi:schemaLocation="http://www.loc.gov/MARC21/slim http://www.loc.gov/standards/marcxml/schema/MARC21slim.xsd"><leader>01286nam a2200361 c 4500</leader><controlfield tag="001">991000028779705502</controlfield><controlfield tag="005">20210206205933.0</controlfield><controlfield tag="008">201011s2016    it ||||| |||| 00| ||fre d</controlfield><datafield ind1=" " ind2=" " tag="020"><subfield code="a">9788846746771</subfield></datafield><datafield ind1=" " ind2=" " tag="035"><subfield code="a">(swissbib)211394998-41slsp_network</subfield></datafield><datafield ind1=" " ind2=" " tag="035"><subfield code="a">211394998</subfield><subfield code="9">ExL</subfield></datafield><datafield ind1=" " ind2=" " tag="035"><subfield code="a">(RERO)R008721473-41slsp</subfield></datafield><datafield ind1=" " ind2=" " tag="035"><subfield code="a">(IDSBB)006677150DSV01</subfield></datafield><datafield ind1=" " ind2=" " tag="035"><subfield code="a">(EXLNZ-41SLSP_NETWORK)991085588989705501</subfield></datafield><datafield ind1=" " ind2=" " tag="040"><subfield code="a">RNV vdbcul</subfield><subfield code="d">CH-ZuSLS</subfield></datafield><datafield ind1=" " ind2="7" tag="072"><subfield code="a">fr</subfield><subfield code="2">rero</subfield></datafield><datafield ind1="1" ind2="4" tag="082"><subfield code="a">841</subfield><subfield code="2">15</subfield></datafield><datafield ind1="1" ind2=" " tag="100"><subfield code="a">Chamfort, Sébastien-Roch-Nicolas de</subfield><subfield code="d">1741-1794</subfield><subfield code="0">(IDREF)026777045</subfield><subfield code="4">cre</subfield></datafield><datafield ind1="1" ind2="0" tag="245"><subfield code="a">Essai d'un commentaire sur Racine, notes sur &quot;Esther&quot;</subfield><subfield code="c">Chamfort ; éd. de Francesca Pagani</subfield></datafield><datafield ind1=" " ind2="1" tag="264"><subfield code="a">Pisa</subfield><subfield code="b">Edizioni ETS</subfield><subfield code="c">2016</subfield></datafield><datafield ind1=" " ind2=" " tag="300"><subfield code="a">90 Seiten</subfield></datafield><datafield ind1=" " ind2=" " tag="336"><subfield code="b">txt</subfield><subfield code="2">rdacontent</subfield></datafield><datafield ind1=" " ind2=" " tag="337"><subfield code="b">n</subfield><subfield code="2">rdamedia</subfield></datafield><datafield ind1=" " ind2=" " tag="338"><subfield code="b">nc</subfield><subfield code="2">rdacarrier</subfield></datafield><datafield ind1="1" ind2=" " tag="490"><subfield code="a">L'écrivain critique</subfield><subfield code="v">2</subfield></datafield><datafield ind1="1" ind2="7" tag="600"><subfield code="a">Racine, Jean</subfield><subfield code="d">1639-1699</subfield><subfield code="t">Esther</subfield><subfield code="0">(IDREF)027935477</subfield><subfield code="2">idref</subfield></datafield><datafield ind1="1" ind2=" " tag="700"><subfield code="a">Chamfort, Sébastien Roch Nicolas</subfield><subfield code="d">1741-1794</subfield><subfield code="0">(DE-588)118675516</subfield><subfield code="e">Verfasser</subfield><subfield code="4">aut</subfield></datafield><datafield ind1="1" ind2=" " tag="700"><subfield code="a">Pagani, Francesca</subfield><subfield code="e">Herausgeber</subfield><subfield code="4">edt</subfield><subfield code="6">880-02</subfield></datafield><datafield ind1="1" ind2=" " tag="880"><subfield code="6">700-02</subfield><subfield code="a">Pagani, Francesca</subfield><subfield code="0">(IDREF)130514020</subfield></datafield><datafield ind1="0" ind2="2" tag="740"><subfield code="a">Notes sur Esther</subfield></datafield><datafield ind1=" " ind2="0" tag="830"><subfield code="a">&lt;&lt;L'&gt;&gt;écrivain critique</subfield><subfield code="v">2</subfield></datafield><datafield ind1=" " ind2=" " tag="900"><subfield code="a">REROnoselfmerge</subfield></datafield><datafield ind1=" " ind2=" " tag="900"><subfield code="a">IDSDSStoppsignal FRED</subfield></datafield><datafield ind1=" " ind2=" " tag="910"><subfield code="a">Renouvaud</subfield><subfield code="b">20171024</subfield></datafield></record>
</metadata></record>