<record><header><identifier>oai:alma.41SLSP_UGE:991000029509705502</identifier><datestamp>2023-03-01T01:09:23Z</datestamp><setSpec>uge_bcen_RapidILL_BOOK</setSpec><setSpec>uge_aaca_RapidILL_BOOK</setSpec><setSpec>uge_abels_RapidILL_BOOK</setSpec><setSpec>uge_dbu_RapidILL_BOOK</setSpec><setSpec>uge_cmu_RapidILL_BOOK</setSpec><setSpec>uge_mail_RapidILL_BOOK</setSpec><setSpec>UNIGE_ALL</setSpec><setSpec>uge_abbat_RapidILL_BOOK</setSpec><setSpec>uge_aobs_RapidILL_BOOK</setSpec><setSpec>uge_acar_RapidILL_BOOK</setSpec></header><metadata>
<record xmlns="http://www.loc.gov/MARC21/slim" xmlns:xsi="http://www.w3.org/2001/XMLSchema-instance" xsi:schemaLocation="http://www.loc.gov/MARC21/slim http://www.loc.gov/standards/marcxml/schema/MARC21slim.xsd"><leader>01103nam a2200277 c 4500</leader><controlfield tag="001">991000029509705502</controlfield><controlfield tag="005">20201227135542.0</controlfield><controlfield tag="008">960823s1980    gw ||||| |||| 00| ||ger d</controlfield><datafield ind1=" " ind2=" " tag="020"><subfield code="a">3768199177</subfield></datafield><datafield ind1="7" ind2=" " tag="024"><subfield code="a">http://catalogue.bnf.fr/ark:/12148/cb36956944b</subfield><subfield code="2">uri</subfield></datafield><datafield ind1=" " ind2=" " tag="035"><subfield code="a">(swissbib)091617294-41slsp_network</subfield></datafield><datafield ind1=" " ind2=" " tag="035"><subfield code="a">091617294</subfield><subfield code="9">ExL</subfield></datafield><datafield ind1=" " ind2=" " tag="035"><subfield code="a">(RERO)2247994-41slsp</subfield></datafield><datafield ind1=" " ind2=" " tag="035"><subfield code="a">(EXLNZ-41SLSP_NETWORK)991026550319705501</subfield></datafield><datafield ind1=" " ind2=" " tag="040"><subfield code="a">RERO geubib</subfield><subfield code="d">CH-ZuSLS</subfield></datafield><datafield ind1=" " ind2="7" tag="072"><subfield code="a">al</subfield><subfield code="2">rero</subfield></datafield><datafield ind1="1" ind2=" " tag="100"><subfield code="a">Waiblinger, Wilhelm</subfield><subfield code="d">1804-1830</subfield><subfield code="0">(IDREF)028453379</subfield><subfield code="4">cre</subfield></datafield><datafield ind1="1" ind2="0" tag="245"><subfield code="a">Werke und Briefe</subfield><subfield code="b">textkritische und kommentierte Ausgabe in fünf Bänden</subfield><subfield code="c">Wilhelm Waiblinger ; hrsg. von Hans Königer.</subfield><subfield code="n">Bd. 1</subfield><subfield code="p">Gedichte</subfield></datafield><datafield ind1=" " ind2="1" tag="264"><subfield code="a">Stuttgart</subfield><subfield code="b">Cotta</subfield><subfield code="c">1980</subfield></datafield><datafield ind1=" " ind2=" " tag="300"><subfield code="a">682 S.</subfield><subfield code="c">22 cm</subfield></datafield><datafield ind1=" " ind2=" " tag="336"><subfield code="b">txt</subfield><subfield code="2">rdacontent</subfield></datafield><datafield ind1=" " ind2=" " tag="337"><subfield code="b">n</subfield><subfield code="2">rdamedia</subfield></datafield><datafield ind1=" " ind2=" " tag="338"><subfield code="b">nc</subfield><subfield code="2">rdacarrier</subfield></datafield><datafield ind1="1" ind2=" " tag="490"><subfield code="a">Veröffentlichungen der Deutschen Schillergesellschaft</subfield><subfield code="v">Bd. 34</subfield></datafield><datafield ind1="1" ind2=" " tag="800"><subfield code="a">Waiblinger, Wilhelm Friedrich</subfield><subfield code="t">Werke und Briefe</subfield><subfield code="v">1</subfield><subfield code="w">(RERO)2247993-41slsp</subfield></datafield><datafield ind1=" " ind2=" " tag="830"><subfield code="a">Veröffentlichungen der Deutschen Schillergesellschaft</subfield><subfield code="v">34</subfield><subfield code="w">(RERO)0056300-41slsp</subfield></datafield><datafield ind1=" " ind2=" " tag="900"><subfield code="a">REROnoselfmerge</subfield></datafield></record>
</metadata></record>