<record><header><identifier>oai:alma.41SLSP_UGE:991000029089705502</identifier><datestamp>2023-09-11T00:42:08Z</datestamp><setSpec>uge_bcen_RapidILL_BOOK</setSpec><setSpec>uge_aaca_RapidILL_BOOK</setSpec><setSpec>uge_abels_RapidILL_BOOK</setSpec><setSpec>uge_dbu_RapidILL_BOOK</setSpec><setSpec>uge_cmu_RapidILL_BOOK</setSpec><setSpec>uge_mail_RapidILL_BOOK</setSpec><setSpec>uge_abbat_RapidILL_BOOK</setSpec><setSpec>UNIGE_ALL</setSpec><setSpec>uge_aobs_RapidILL_BOOK</setSpec><setSpec>uge_acar_RapidILL_BOOK</setSpec></header><metadata>
<record xmlns="http://www.loc.gov/MARC21/slim" xmlns:xsi="http://www.w3.org/2001/XMLSchema-instance" xsi:schemaLocation="http://www.loc.gov/MARC21/slim http://www.loc.gov/standards/marcxml/schema/MARC21slim.xsd"><leader>01690nam a2200433 c 4500</leader><controlfield tag="001">991000029089705502</controlfield><controlfield tag="005">20230330185904.0</controlfield><controlfield tag="008">201011s2005    fr ||||| |||| 00| ||fre d</controlfield><datafield ind1=" " ind2=" " tag="020"><subfield code="a">2020692716</subfield></datafield><datafield ind1="7" ind2=" " tag="024"><subfield code="a">http://catalogue.bnf.fr/ark:/12148/cb40073679k</subfield><subfield code="2">uri</subfield></datafield><datafield ind1=" " ind2=" " tag="035"><subfield code="a">(swissbib)221137610-41slsp_network</subfield></datafield><datafield ind1=" " ind2=" " tag="035"><subfield code="a">221137610</subfield><subfield code="9">ExL</subfield></datafield><datafield ind1=" " ind2=" " tag="035"><subfield code="a">(RERO)R004000539-41slsp</subfield></datafield><datafield ind1=" " ind2=" " tag="035"><subfield code="a">(IDSBB)003781378DSV01</subfield></datafield><datafield ind1=" " ind2=" " tag="035"><subfield code="a">(EXLNZ-41SLSP_NETWORK)991084028469705501</subfield></datafield><datafield ind1=" " ind2=" " tag="040"><subfield code="a">RERO geussa</subfield><subfield code="d">CH-ZuSLS</subfield></datafield><datafield ind1=" " ind2="7" tag="072"><subfield code="a">ar</subfield><subfield code="2">rero</subfield></datafield><datafield ind1="1" ind2=" " tag="100"><subfield code="a">Gély, Bernard</subfield><subfield code="0">(IDREF)052199126</subfield><subfield code="4">cre</subfield></datafield><datafield ind1="1" ind2="0" tag="245"><subfield code="a">&lt;&lt;Les&gt;&gt; mammouths de la grotte Chauvet</subfield><subfield code="c">Bernard Gély, Marc Azéma</subfield></datafield><datafield ind1=" " ind2="1" tag="264"><subfield code="a">Paris</subfield><subfield code="b">Seuil</subfield><subfield code="c">2005</subfield></datafield><datafield ind1=" " ind2=" " tag="300"><subfield code="a">115 p.</subfield><subfield code="b">ill.</subfield><subfield code="c">25 cm</subfield></datafield><datafield ind1=" " ind2=" " tag="336"><subfield code="b">txt</subfield><subfield code="2">rdacontent</subfield></datafield><datafield ind1=" " ind2=" " tag="337"><subfield code="b">n</subfield><subfield code="2">rdamedia</subfield></datafield><datafield ind1=" " ind2=" " tag="338"><subfield code="b">nc</subfield><subfield code="2">rdacarrier</subfield></datafield><datafield ind1="1" ind2=" " tag="490"><subfield code="a">Arts rupestres</subfield></datafield><datafield ind1="1" ind2=" " tag="490"><subfield code="a">Les cahiers de la grotte Chauvet</subfield></datafield><datafield ind1=" " ind2=" " tag="520"><subfield code="a">Höhlenmalerei - Mammut</subfield><subfield code="5">ubs-Archäologie</subfield></datafield><datafield ind1=" " ind2="7" tag="650"><subfield code="a">Paléolithique supérieur</subfield><subfield code="0">(IDREF)027407373</subfield><subfield code="2">idref</subfield></datafield><datafield ind1=" " ind2="7" tag="650"><subfield code="a">Art pariétal</subfield><subfield code="0">(IDREF)027280543</subfield><subfield code="2">idref</subfield></datafield><datafield ind1=" " ind2="7" tag="651"><subfield code="a">Chauvet, Grotte (Ardèche)</subfield><subfield code="0">(IDREF)034328645</subfield><subfield code="2">idref</subfield></datafield><datafield ind1=" " ind2=" " tag="690"><subfield code="a">Frankreich - Rhône-Alpes - Grotte Chauvet</subfield><subfield code="2">ubs-A8</subfield></datafield><datafield ind1=" " ind2=" " tag="690"><subfield code="a">Paläolithikum - Frankreich</subfield><subfield code="2">ubs-A8</subfield></datafield><datafield ind1=" " ind2=" " tag="690"><subfield code="a">Kunst - Paläolithikum</subfield><subfield code="2">ubs-A8</subfield></datafield><datafield ind1=" " ind2=" " tag="690"><subfield code="a">Malerei - Paläolithikum - Frankreich</subfield><subfield code="2">ubs-A8</subfield></datafield><datafield ind1=" " ind2=" " tag="690"><subfield code="a">Archäologie - Paläolithikum - Frankreich</subfield><subfield code="2">ubs-A8</subfield></datafield><datafield ind1="1" ind2=" " tag="700"><subfield code="a">Azéma, Marc</subfield><subfield code="d">1967-</subfield><subfield code="0">(DE-588)1051999049</subfield><subfield code="6">880-02</subfield></datafield><datafield ind1="1" ind2=" " tag="880"><subfield code="6">700-02</subfield><subfield code="a">Azéma, Marc</subfield><subfield code="d">1967-....</subfield><subfield code="0">(IDREF)075940337</subfield></datafield><datafield ind1=" " ind2=" " tag="830"><subfield code="a">Collection Arts rupestres</subfield><subfield code="w">(RERO)2039496-41slsp</subfield></datafield><datafield ind1=" " ind2=" " tag="830"><subfield code="a">&lt;&lt;Les&gt;&gt; cahiers de la grotte Chauvet</subfield><subfield code="w">(RERO)R004000615-41slsp</subfield></datafield><datafield ind1=" " ind2=" " tag="900"><subfield code="a">REROnoselfmerge</subfield></datafield></record>
</metadata></record>