<record><header><identifier>oai:alma.41SLSP_UGE:991000029299705502</identifier><datestamp>2024-07-30T00:09:09Z</datestamp><setSpec>uge_bcen_RapidILL_BOOK</setSpec><setSpec>uge_aaca_RapidILL_BOOK</setSpec><setSpec>uge_abels_RapidILL_BOOK</setSpec><setSpec>uge_dbu_RapidILL_BOOK</setSpec><setSpec>uge_cmu_RapidILL_BOOK</setSpec><setSpec>uge_mail_RapidILL_BOOK</setSpec><setSpec>uge_abbat_RapidILL_BOOK</setSpec><setSpec>UNIGE_ALL</setSpec><setSpec>uge_aobs_RapidILL_BOOK</setSpec><setSpec>uge_acar_RapidILL_BOOK</setSpec></header><metadata>
<record xmlns="http://www.loc.gov/MARC21/slim" xmlns:xsi="http://www.w3.org/2001/XMLSchema-instance" xsi:schemaLocation="http://www.loc.gov/MARC21/slim http://www.loc.gov/standards/marcxml/schema/MARC21slim.xsd"><leader>02291nam a2200577 c 4500</leader><controlfield tag="001">991000029299705502</controlfield><controlfield tag="005">20230330223253.0</controlfield><controlfield tag="008">201011s2017    it af    b||| 001 0 ita|d</controlfield><datafield ind1=" " ind2=" " tag="010"><subfield code="a">2018359452</subfield></datafield><datafield ind1=" " ind2=" " tag="020"><subfield code="a">9788873115144</subfield><subfield code="q">print, hardcover</subfield></datafield><datafield ind1=" " ind2=" " tag="020"><subfield code="a">8873115144</subfield></datafield><datafield ind1=" " ind2=" " tag="035"><subfield code="a">(swissbib)231703627-41slsp_network</subfield></datafield><datafield ind1=" " ind2=" " tag="035"><subfield code="a">231703627</subfield><subfield code="9">ExL</subfield></datafield><datafield ind1=" " ind2=" " tag="035"><subfield code="a">(NEBIS)011530669EBI01</subfield></datafield><datafield ind1=" " ind2=" " tag="035"><subfield code="a">(RERO)R009027208-41slsp</subfield></datafield><datafield ind1=" " ind2=" " tag="035"><subfield code="a">(OCoLC)1030346539</subfield></datafield><datafield ind1=" " ind2=" " tag="035"><subfield code="a">(EXLNZ-41SLSP_NETWORK)991153658359705501</subfield></datafield><datafield ind1=" " ind2=" " tag="040"><subfield code="a">C3L</subfield><subfield code="b">ita</subfield><subfield code="e">rda</subfield><subfield code="d">CH-ZuSLS</subfield></datafield><datafield ind1=" " ind2=" " tag="043"><subfield code="a">e-it---</subfield></datafield><datafield ind1=" " ind2="4" tag="050"><subfield code="a">NA325.T5</subfield><subfield code="b">T44 2017</subfield></datafield><datafield ind1=" " ind2="7" tag="072"><subfield code="a">ar</subfield><subfield code="2">CH-ZuSLS ubs</subfield></datafield><datafield ind1="7" ind2="4" tag="082"><subfield code="a">930</subfield><subfield code="2">23sdnb</subfield></datafield><datafield ind1="7" ind2="4" tag="082"><subfield code="a">720</subfield><subfield code="2">23sdnb</subfield></datafield><datafield ind1="0" ind2="0" tag="245"><subfield code="a">Theatrum Marcelli</subfield><subfield code="c">a cura di Paola Ciancio Rossetto e Giuseppina Pisani Sartorio ; testi di Marialetizia Buonfiglio [et neuf autres]</subfield></datafield><datafield ind1=" " ind2="1" tag="264"><subfield code="a">Roma</subfield><subfield code="b">Istituto nazionale di studi romani</subfield><subfield code="c">2017</subfield></datafield><datafield ind1=" " ind2="4" tag="264"><subfield code="c">© 2017</subfield></datafield><datafield ind1=" " ind2=" " tag="300"><subfield code="a">XVI, 301 pagine, XVI, tavoli</subfield><subfield code="b">illustrazioni</subfield><subfield code="c">36 cm</subfield></datafield><datafield ind1=" " ind2=" " tag="336"><subfield code="b">txt</subfield><subfield code="2">rdacontent</subfield></datafield><datafield ind1=" " ind2=" " tag="337"><subfield code="b">n</subfield><subfield code="2">rdamedia</subfield></datafield><datafield ind1=" " ind2=" " tag="338"><subfield code="b">nc</subfield><subfield code="2">rdacarrier</subfield></datafield><datafield ind1="1" ind2=" " tag="490"><subfield code="a">I monumenti romani</subfield><subfield code="v">10</subfield></datafield><datafield ind1=" " ind2=" " tag="504"><subfield code="a">Includes bibliographical references (pages 271-287) and index</subfield></datafield><datafield ind1=" " ind2=" " tag="504"><subfield code="a">Bibliogr. p. [271]-287. Notes bibliogr. Index</subfield></datafield><datafield ind1=" " ind2=" " tag="546"><subfield code="a">Text in Italian</subfield></datafield><datafield ind1="2" ind2="4" tag="610"><subfield code="a">Teatro di Marcello (Roma)</subfield></datafield><datafield ind1="2" ind2="0" tag="610"><subfield code="a">Teatro di Marcello</subfield></datafield><datafield ind1=" " ind2="7" tag="650"><subfield code="a">Antiquities</subfield><subfield code="2">fast</subfield></datafield><datafield ind1=" " ind2="7" tag="651"><subfield code="a">Italy</subfield><subfield code="z">Rome</subfield><subfield code="2">fast</subfield></datafield><datafield ind1=" " ind2="0" tag="651"><subfield code="a">Rome (Italy)</subfield><subfield code="x">Antiquities</subfield></datafield><datafield ind1=" " ind2="7" tag="651"><subfield code="a">Rome (Italie)</subfield><subfield code="x">Théâtre de Marcellus</subfield><subfield code="0">(IDREF)135710758</subfield><subfield code="2">idref</subfield></datafield><datafield ind1=" " ind2="7" tag="650"><subfield code="a">Théâtres antiques</subfield><subfield code="0">(IDREF)027358747</subfield><subfield code="2">idref</subfield></datafield><datafield ind1=" " ind2="7" tag="650"><subfield code="a">Architecture romaine</subfield><subfield code="0">(IDREF)027219852</subfield><subfield code="2">idref</subfield></datafield><datafield ind1="1" ind2=" " tag="700"><subfield code="a">Pisani Sartorio, Giuseppina</subfield><subfield code="6">880-02</subfield><subfield code="0">(DE-588)132396734</subfield><subfield code="e">Herausgeber</subfield><subfield code="4">edt</subfield></datafield><datafield ind1="1" ind2=" " tag="880"><subfield code="6">700-02</subfield><subfield code="a">Pisani Sartorio, Giuseppina</subfield><subfield code="0">(IDREF)030383730</subfield><subfield code="4">edt</subfield></datafield><datafield ind1="1" ind2=" " tag="700"><subfield code="6">880-03</subfield><subfield code="a">Ciancio Rossetto, Paola</subfield><subfield code="0">(DE-588)142882798</subfield><subfield code="e">Herausgeber</subfield><subfield code="4">edt</subfield></datafield><datafield ind1="1" ind2=" " tag="880"><subfield code="6">700-03</subfield><subfield code="a">Ciancio Rossetto, Paola</subfield><subfield code="d">19..-....</subfield><subfield code="0">(IDREF)15160083X</subfield><subfield code="4">edt</subfield></datafield><datafield ind1="1" ind2=" " tag="700"><subfield code="a">Buonfiglio, Marialetizia</subfield><subfield code="d">19..-....</subfield><subfield code="0">(IDREF)258459336</subfield><subfield code="4">ctb</subfield></datafield><datafield ind1=" " ind2="0" tag="830"><subfield code="a">Monumenti Romani</subfield><subfield code="v">10</subfield><subfield code="w">(NEBIS)000062135EBI01</subfield></datafield><datafield ind1=" " ind2="0" tag="830"><subfield code="a">I Monumenti Romani</subfield><subfield code="v">10</subfield><subfield code="w">991170692565505501</subfield></datafield><datafield ind1=" " ind2=" " tag="900"><subfield code="a">REROnoselfmerge</subfield></datafield><datafield ind1=" " ind2=" " tag="903"><subfield code="a">RERO-SIGN</subfield><subfield code="5">UNIGE/2021/01/04/ck</subfield></datafield><datafield ind1=" " ind2=" " tag="910"><subfield code="a">OCoLC</subfield><subfield code="b">20200319</subfield><subfield code="c">Réutilisation sous conditions: Licence ODC-BY</subfield></datafield></record>
</metadata></record>