<record><header><identifier>oai:alma.41SLSP_UGE:991000028899705502</identifier><datestamp>2023-04-11T00:11:19Z</datestamp><setSpec>uge_bcen_RapidILL_BOOK</setSpec><setSpec>uge_aaca_RapidILL_BOOK</setSpec><setSpec>uge_abels_RapidILL_BOOK</setSpec><setSpec>uge_dbu_RapidILL_BOOK</setSpec><setSpec>uge_cmu_RapidILL_BOOK</setSpec><setSpec>uge_mail_RapidILL_BOOK</setSpec><setSpec>uge_abbat_RapidILL_BOOK</setSpec><setSpec>UNIGE_ALL</setSpec><setSpec>uge_aobs_RapidILL_BOOK</setSpec><setSpec>uge_acar_RapidILL_BOOK</setSpec></header><metadata>
<record xmlns="http://www.loc.gov/MARC21/slim" xmlns:xsi="http://www.w3.org/2001/XMLSchema-instance" xsi:schemaLocation="http://www.loc.gov/MARC21/slim http://www.loc.gov/standards/marcxml/schema/MARC21slim.xsd"><leader>00932nam a22002772c 4500</leader><controlfield tag="001">991000028899705502</controlfield><controlfield tag="005">20230410200951.0</controlfield><controlfield tag="008">160718s2016    xxk||||| |||| 00| ||eng d</controlfield><datafield ind1=" " ind2=" " tag="020"><subfield code="a">9781474275668</subfield><subfield code="q">pbk</subfield></datafield><datafield ind1=" " ind2=" " tag="035"><subfield code="a">(swissbib)123076226-41slsp_network</subfield></datafield><datafield ind1=" " ind2=" " tag="035"><subfield code="a">123076226</subfield><subfield code="9">ExL</subfield></datafield><datafield ind1=" " ind2=" " tag="035"><subfield code="a">(RERO)R008472272-41slsp</subfield></datafield><datafield ind1=" " ind2=" " tag="035"><subfield code="a">(EXLNZ-41SLSP_NETWORK)991034021639705501</subfield></datafield><datafield ind1=" " ind2=" " tag="040"><subfield code="a">YDXCP</subfield><subfield code="b">eng</subfield><subfield code="d">CH-ZuSLS</subfield></datafield><datafield ind1=" " ind2="7" tag="072"><subfield code="a">an</subfield><subfield code="2">rero</subfield></datafield><datafield ind1="1" ind2=" " tag="100"><subfield code="a">Zecchini, Laetitia</subfield><subfield code="d">1978-....</subfield><subfield code="0">(IDREF)119086506</subfield><subfield code="4">cre</subfield></datafield><datafield ind1="1" ind2="0" tag="245"><subfield code="a">Arun Kolatkar and literary modernism in India</subfield><subfield code="c">Laetitia Zecchini</subfield></datafield><datafield ind1=" " ind2="1" tag="264"><subfield code="a">London</subfield><subfield code="b">Bloomsbury Academic</subfield><subfield code="c">2016</subfield></datafield><datafield ind1=" " ind2=" " tag="300"><subfield code="a">229 p.</subfield></datafield><datafield ind1=" " ind2=" " tag="336"><subfield code="b">txt</subfield><subfield code="2">rdacontent</subfield></datafield><datafield ind1=" " ind2=" " tag="337"><subfield code="b">n</subfield><subfield code="2">rdamedia</subfield></datafield><datafield ind1=" " ind2=" " tag="338"><subfield code="b">nc</subfield><subfield code="2">rdacarrier</subfield></datafield><datafield ind1="0" ind2=" " tag="490"><subfield code="a">Historicizing modernism</subfield></datafield><datafield ind1=" " ind2="7" tag="650"><subfield code="a">Poésie indienne (de l'Inde)</subfield><subfield code="0">(IDREF)027656012</subfield><subfield code="2">idref</subfield></datafield><datafield ind1=" " ind2="7" tag="650"><subfield code="a">Modernisme (littérature)</subfield><subfield code="0">(IDREF)027400956</subfield><subfield code="2">idref</subfield></datafield><datafield ind1=" " ind2=" " tag="900"><subfield code="a">REROnoselfmerge</subfield></datafield><datafield ind1=" " ind2=" " tag="910"><subfield code="a">OCoLC</subfield><subfield code="b">20160718</subfield><subfield code="c">Droits réservés</subfield></datafield></record>
</metadata></record>