<record><header><identifier>oai:alma.41SLSP_UGE:991000029109705502</identifier><datestamp>2023-03-01T01:09:23Z</datestamp><setSpec>uge_bcen_RapidILL_BOOK</setSpec><setSpec>uge_aaca_RapidILL_BOOK</setSpec><setSpec>uge_abels_RapidILL_BOOK</setSpec><setSpec>uge_dbu_RapidILL_BOOK</setSpec><setSpec>uge_cmu_RapidILL_BOOK</setSpec><setSpec>uge_mail_RapidILL_BOOK</setSpec><setSpec>UNIGE_ALL</setSpec><setSpec>uge_abbat_RapidILL_BOOK</setSpec><setSpec>uge_aobs_RapidILL_BOOK</setSpec><setSpec>uge_acar_RapidILL_BOOK</setSpec></header><metadata>
<record xmlns="http://www.loc.gov/MARC21/slim" xmlns:xsi="http://www.w3.org/2001/XMLSchema-instance" xsi:schemaLocation="http://www.loc.gov/MARC21/slim http://www.loc.gov/standards/marcxml/schema/MARC21slim.xsd"><leader>01041naa a2200241 c 4500</leader><controlfield tag="001">991000029109705502</controlfield><controlfield tag="005">20210207114443.0</controlfield><controlfield tag="008">000911s1999    xxk||||| |||| 00| ||eng d</controlfield><datafield ind1=" " ind2=" " tag="035"><subfield code="a">(swissbib)095387455-41slsp_network</subfield></datafield><datafield ind1=" " ind2=" " tag="035"><subfield code="a">095387455</subfield><subfield code="9">ExL</subfield></datafield><datafield ind1=" " ind2=" " tag="035"><subfield code="a">(RERO)R265118160-41slsp</subfield></datafield><datafield ind1=" " ind2=" " tag="035"><subfield code="a">(EXLNZ-41SLSP_NETWORK)991070103799705501</subfield></datafield><datafield ind1=" " ind2=" " tag="040"><subfield code="a">RERO geussc</subfield><subfield code="d">CH-ZuSLS</subfield></datafield><datafield ind1=" " ind2="7" tag="072"><subfield code="a">ch</subfield><subfield code="2">rero</subfield></datafield><datafield ind1="0" ind2="0" tag="245"><subfield code="a">Self-assembled single-chain oligo(p-phenylene) amphiphiles</subfield><subfield code="b">reversed micelles, vesicles and gels</subfield><subfield code="c">Vladimir Sidorov... [et al.]</subfield></datafield><datafield ind1=" " ind2=" " tag="336"><subfield code="b">txt</subfield><subfield code="2">rdacontent</subfield></datafield><datafield ind1=" " ind2=" " tag="337"><subfield code="b">n</subfield><subfield code="2">rdamedia</subfield></datafield><datafield ind1=" " ind2=" " tag="338"><subfield code="b">nc</subfield><subfield code="2">rdacarrier</subfield></datafield><datafield ind1=" " ind2=" " tag="508"><subfield code="a">Autres auteurs: Trevor Douglas, Sergey M. Dzekunov, David Abdallah, Bereket Ghebremariam, Paul D. Roepe et Stefan Matile</subfield></datafield><datafield ind1=" " ind2=" " tag="580"><subfield code="a">In: Chemical communications. - Cambridge. - 1999, no 15, p. 1429-1430</subfield></datafield><datafield ind1="1" ind2=" " tag="700"><subfield code="a">Sidorov, Vladimir</subfield><subfield code="0">(RERO)A005903777</subfield></datafield><datafield ind1="1" ind2=" " tag="700"><subfield code="a">Matile, Stefan</subfield><subfield code="0">(IDREF)19926077X</subfield></datafield><datafield ind1="0" ind2=" " tag="773"><subfield code="t">Chemical communications. Royal Society of Chemistry</subfield><subfield code="g">1999/1429</subfield><subfield code="g">yr:1999</subfield><subfield code="w">(RERO)2142102-41slsp</subfield></datafield><datafield ind1=" " ind2=" " tag="900"><subfield code="a">REROnoselfmerge</subfield></datafield></record>
</metadata></record>