<record><header><identifier>oai:alma.41SLSP_UGE:991000798909705502</identifier><datestamp>2023-03-01T01:09:27Z</datestamp><setSpec>uge_bcen_RapidILL_BOOK</setSpec><setSpec>uge_aaca_RapidILL_BOOK</setSpec><setSpec>uge_abels_RapidILL_BOOK</setSpec><setSpec>uge_dbu_RapidILL_BOOK</setSpec><setSpec>uge_cmu_RapidILL_BOOK</setSpec><setSpec>uge_mail_RapidILL_BOOK</setSpec><setSpec>UNIGE_ALL</setSpec><setSpec>uge_abbat_RapidILL_BOOK</setSpec><setSpec>uge_aobs_RapidILL_BOOK</setSpec><setSpec>uge_acar_RapidILL_BOOK</setSpec></header><metadata>
<record xmlns="http://www.loc.gov/MARC21/slim" xmlns:xsi="http://www.w3.org/2001/XMLSchema-instance" xsi:schemaLocation="http://www.loc.gov/MARC21/slim http://www.loc.gov/standards/marcxml/schema/MARC21slim.xsd"><leader>01374nam a2200301 c 4500</leader><controlfield tag="001">991000798909705502</controlfield><controlfield tag="005">20210207194036.0</controlfield><controlfield tag="008">850423s1979    fr ||||| |||| 10| ||eng d</controlfield><datafield ind1=" " ind2=" " tag="035"><subfield code="a">(swissbib)080034233-41slsp_network</subfield></datafield><datafield ind1=" " ind2=" " tag="035"><subfield code="a">080034233</subfield><subfield code="9">ExL</subfield></datafield><datafield ind1=" " ind2=" " tag="035"><subfield code="a">(RERO)0606799-41slsp</subfield></datafield><datafield ind1=" " ind2=" " tag="035"><subfield code="a">(EXLNZ-41SLSP_NETWORK)991002910289705501</subfield></datafield><datafield ind1=" " ind2=" " tag="040"><subfield code="a">RERO lauspy</subfield><subfield code="d">CH-ZuSLS</subfield></datafield><datafield ind1=" " ind2="7" tag="072"><subfield code="a">py</subfield><subfield code="2">rero</subfield></datafield><datafield ind1="0" ind2="0" tag="245"><subfield code="a">Kinematics and Symmetries</subfield><subfield code="b">= Cinématique et symétrie : ... cours donnés à l'Ecole internationale de physique des particules [élémentaires] de Baško Polje et Kupari (Yougoslavie)</subfield><subfield code="c">auteurs Giovanni Costa... [et al.] ; éd. par M. Nikolić... [et al.]</subfield></datafield><datafield ind1="1" ind2=" " tag="246"><subfield code="a">Cinématique et Symétrie</subfield></datafield><datafield ind1=" " ind2="1" tag="264"><subfield code="a">Paris</subfield><subfield code="b">Institut national de physique nucléaire et de physique des particules</subfield><subfield code="c">1979</subfield></datafield><datafield ind1=" " ind2=" " tag="300"><subfield code="a">2 vol.</subfield><subfield code="b">ill.</subfield><subfield code="c">30 cm</subfield></datafield><datafield ind1=" " ind2=" " tag="336"><subfield code="b">txt</subfield><subfield code="2">rdacontent</subfield></datafield><datafield ind1=" " ind2=" " tag="337"><subfield code="b">n</subfield><subfield code="2">rdamedia</subfield></datafield><datafield ind1=" " ind2=" " tag="338"><subfield code="b">nc</subfield><subfield code="2">rdacarrier</subfield></datafield><datafield ind1="1" ind2=" " tag="490"><subfield code="a">TEPP : textbook on elementary particle physics</subfield><subfield code="v">[2]</subfield></datafield><datafield ind1=" " ind2=" " tag="500"><subfield code="a">Congrès de Physique. Baško Polje. 1977</subfield></datafield><datafield ind1=" " ind2=" " tag="500"><subfield code="a">Congrès de Physique. Kupari. 1977</subfield></datafield><datafield ind1="1" ind2=" " tag="700"><subfield code="a">Nikolić, Milan</subfield><subfield code="c">physicien</subfield><subfield code="d">19..-....</subfield><subfield code="0">(IDREF)027048284</subfield></datafield><datafield ind1="1" ind2=" " tag="700"><subfield code="a">Costa, Giovanni</subfield><subfield code="d">1930-</subfield><subfield code="0">(RERO)A012357987</subfield></datafield><datafield ind1="2" ind2=" " tag="711"><subfield code="a">International School of Elementary Particle Physics</subfield><subfield code="d">1977</subfield><subfield code="c">Baško Polje / Kupari</subfield><subfield code="0">(RERO)A012420111</subfield></datafield><datafield ind1=" " ind2="0" tag="830"><subfield code="a">TEPP</subfield><subfield code="v">[2]</subfield><subfield code="w">(RERO)0600219-41slsp</subfield></datafield><datafield ind1=" " ind2=" " tag="900"><subfield code="a">REROnoselfmerge</subfield></datafield></record>
</metadata></record>