<record><header><identifier>oai:alma.41SLSP_UGE:991000798809705502</identifier><datestamp>2024-05-02T00:16:53Z</datestamp><setSpec>uge_bcen_RapidILL_BOOK</setSpec><setSpec>uge_aaca_RapidILL_BOOK</setSpec><setSpec>uge_abels_RapidILL_BOOK</setSpec><setSpec>uge_dbu_RapidILL_BOOK</setSpec><setSpec>uge_cmu_RapidILL_BOOK</setSpec><setSpec>uge_mail_RapidILL_BOOK</setSpec><setSpec>uge_abbat_RapidILL_BOOK</setSpec><setSpec>UNIGE_ALL</setSpec><setSpec>uge_aobs_RapidILL_BOOK</setSpec><setSpec>uge_acar_RapidILL_BOOK</setSpec></header><metadata>
<record xmlns="http://www.loc.gov/MARC21/slim" xmlns:xsi="http://www.w3.org/2001/XMLSchema-instance" xsi:schemaLocation="http://www.loc.gov/MARC21/slim http://www.loc.gov/standards/marcxml/schema/MARC21slim.xsd"><leader>02166nam a2200421 c 4500</leader><controlfield tag="001">991000798809705502</controlfield><controlfield tag="005">20240430092935.0</controlfield><controlfield tag="008">000913s1999    sz ||||| |||| 00| ||fre d</controlfield><datafield ind1=" " ind2=" " tag="035"><subfield code="a">(swissbib)095485244-41slsp_network</subfield></datafield><datafield ind1=" " ind2=" " tag="035"><subfield code="a">095485244</subfield><subfield code="9">ExL</subfield></datafield><datafield ind1=" " ind2=" " tag="035"><subfield code="a">(RERO)R266531060-41slsp</subfield></datafield><datafield ind1=" " ind2=" " tag="035"><subfield code="a">(EXLNZ-41SLSP_NETWORK)991072747539705501</subfield></datafield><datafield ind1=" " ind2=" " tag="040"><subfield code="a">SLB labcur</subfield><subfield code="d">CH-ZuSLS</subfield></datafield><datafield ind1="1" ind2=" " tag="041"><subfield code="a">fre</subfield><subfield code="h">ger</subfield></datafield><datafield ind1=" " ind2=" " tag="044"><subfield code="a">sz</subfield><subfield code="c">ch-vd</subfield></datafield><datafield ind1=" " ind2="7" tag="072"><subfield code="a">pe</subfield><subfield code="2">rero</subfield></datafield><datafield ind1="1" ind2=" " tag="100"><subfield code="a">Bähler, Ruedi</subfield><subfield code="c">orienteur professionnel</subfield><subfield code="0">(IDREF)243926960</subfield><subfield code="4">cre</subfield></datafield><datafield ind1="1" ind2="0" tag="245"><subfield code="a">Formateur d'adultes/formatrice d'adultes</subfield><subfield code="c">Association suisse pour l'orientation scolaire et professionnelle ASOSP ; Fédération suisse pour l'éducation des adultes FSEA ; [conception: André Schläfi ... et al.] ; [réd.: Heinz Staufer] ; [texte: Rudolf Bähler] ; [adapt. française: traduction Interserv, Lausanne ... et al.] ; [photos: Jürg Stauffer]</subfield></datafield><datafield ind1=" " ind2="1" tag="264"><subfield code="a">Lausanne</subfield><subfield code="b">Association suisse pour l'orientation scolaire et professionnelle ASOSP</subfield><subfield code="b">Fédération suisse pour l'éducation des adultes FSEA</subfield><subfield code="c">1999</subfield></datafield><datafield ind1=" " ind2=" " tag="300"><subfield code="a">19 p.</subfield><subfield code="b">ill.</subfield><subfield code="c">30 cm</subfield></datafield><datafield ind1=" " ind2=" " tag="336"><subfield code="b">txt</subfield><subfield code="2">rdacontent</subfield></datafield><datafield ind1=" " ind2=" " tag="337"><subfield code="b">n</subfield><subfield code="2">rdamedia</subfield></datafield><datafield ind1=" " ind2=" " tag="338"><subfield code="b">nc</subfield><subfield code="2">rdacarrier</subfield></datafield><datafield ind1="1" ind2=" " tag="490"><subfield code="a">Swissdoc</subfield><subfield code="v">0731</subfield></datafield><datafield ind1="1" ind2=" " tag="490"><subfield code="a">[Monographie professionnelle] / Association suisse pour l'orientation scolaire et professionnelle</subfield></datafield><datafield ind1=" " ind2="7" tag="650"><subfield code="a">Éducation des adultes</subfield><subfield code="0">(IDREF)027288455</subfield><subfield code="2">idref</subfield></datafield><datafield ind1=" " ind2="7" tag="650"><subfield code="a">Formation professionnelle</subfield><subfield code="0">(IDREF)027276643</subfield><subfield code="2">idref</subfield></datafield><datafield ind1=" " ind2="7" tag="650"><subfield code="a">formateur</subfield><subfield code="0">(RERO)A009958152</subfield><subfield code="2">rerovoc</subfield></datafield><datafield ind1=" " ind2="7" tag="651"><subfield code="a">Suisse</subfield><subfield code="0">(IDREF)027249654</subfield><subfield code="2">idref</subfield></datafield><datafield ind1=" " ind2="7" tag="655"><subfield code="a">Guides pratiques</subfield><subfield code="0">(IDREF)027790045</subfield><subfield code="2">idref</subfield></datafield><datafield ind1="1" ind2=" " tag="700"><subfield code="a">Staufer, Heinz</subfield><subfield code="0">(RERO)A003859194</subfield></datafield><datafield ind1="1" ind2=" " tag="700"><subfield code="a">Schläfli, André</subfield><subfield code="0">(IDREF)23034660X</subfield></datafield><datafield ind1="1" ind2=" " tag="700"><subfield code="a">Bähler, Ruedi</subfield><subfield code="c">orienteur professionnel</subfield><subfield code="0">(IDREF)243926960</subfield></datafield><datafield ind1="1" ind2=" " tag="700"><subfield code="a">Stauffer, Jürg</subfield><subfield code="0">(RERO)A003859267</subfield></datafield><datafield ind1="2" ind2=" " tag="710"><subfield code="a">Fédération suisse pour l'éducation des adultes</subfield><subfield code="0">(RERO)A000068040</subfield></datafield><datafield ind1="2" ind2=" " tag="710"><subfield code="a">Interserv</subfield><subfield code="g">agence de traduction</subfield><subfield code="g">Suisse</subfield><subfield code="0">(IDREF)277357519</subfield><subfield code="4">trl</subfield></datafield><datafield ind1=" " ind2=" " tag="830"><subfield code="a">Swissdoc</subfield><subfield code="v">731</subfield><subfield code="w">(RERO)1209609-41slsp</subfield></datafield><datafield ind1=" " ind2=" " tag="830"><subfield code="a">Monographie professionnelle / Association suisse pour l'orientation scolaire et professionnelle</subfield><subfield code="w">(RERO)R009062545-41slsp</subfield></datafield><datafield ind1=" " ind2=" " tag="900"><subfield code="a">REROnoselfmerge</subfield></datafield></record>
</metadata></record>