<record><header><identifier>oai:alma.41SLSP_UGE:991000799229705502</identifier><datestamp>2023-03-01T01:09:27Z</datestamp><setSpec>uge_bcen_RapidILL_BOOK</setSpec><setSpec>uge_aaca_RapidILL_BOOK</setSpec><setSpec>uge_abels_RapidILL_BOOK</setSpec><setSpec>uge_dbu_RapidILL_BOOK</setSpec><setSpec>uge_cmu_RapidILL_BOOK</setSpec><setSpec>uge_mail_RapidILL_BOOK</setSpec><setSpec>UNIGE_ALL</setSpec><setSpec>uge_abbat_RapidILL_BOOK</setSpec><setSpec>uge_aobs_RapidILL_BOOK</setSpec><setSpec>uge_acar_RapidILL_BOOK</setSpec></header><metadata>
<record xmlns="http://www.loc.gov/MARC21/slim" xmlns:xsi="http://www.w3.org/2001/XMLSchema-instance" xsi:schemaLocation="http://www.loc.gov/MARC21/slim http://www.loc.gov/standards/marcxml/schema/MARC21slim.xsd"><leader>01112nam a2200313 c 4500</leader><controlfield tag="001">991000799229705502</controlfield><controlfield tag="005">20210207193653.0</controlfield><controlfield tag="008">201012s1982    it ||||| |||| 00| ||ita d</controlfield><datafield ind1=" " ind2=" " tag="035"><subfield code="a">(swissbib)240709373-41slsp_network</subfield></datafield><datafield ind1=" " ind2=" " tag="035"><subfield code="a">240709373</subfield><subfield code="9">ExL</subfield></datafield><datafield ind1=" " ind2=" " tag="035"><subfield code="a">(RERO)0462572-41slsp</subfield></datafield><datafield ind1=" " ind2=" " tag="035"><subfield code="a">(IDSBB)000128385DSV01</subfield></datafield><datafield ind1=" " ind2=" " tag="035"><subfield code="a">(SBT)000649775SBT01</subfield></datafield><datafield ind1=" " ind2=" " tag="035"><subfield code="a">(EXLNZ-41SLSP_NETWORK)991001705479705501</subfield></datafield><datafield ind1=" " ind2=" " tag="040"><subfield code="a">RERO</subfield><subfield code="d">CH-ZuSLS</subfield></datafield><datafield ind1=" " ind2="7" tag="072"><subfield code="a">it</subfield><subfield code="2">SzZuIDS BS/BE</subfield></datafield><datafield ind1=" " ind2="7" tag="072"><subfield code="a">it</subfield><subfield code="2">rero</subfield></datafield><datafield ind1="1" ind2=" " tag="100"><subfield code="a">Palmieri, Matteo</subfield><subfield code="d">1406-1475</subfield><subfield code="0">(IDREF)033492085</subfield><subfield code="4">cre</subfield></datafield><datafield ind1="1" ind2="0" tag="245"><subfield code="a">Vita civile</subfield><subfield code="c">Matteo Palmieri ; ed. critica a cura di Gino Belloni</subfield></datafield><datafield ind1=" " ind2="1" tag="264"><subfield code="a">Firenze</subfield><subfield code="b">Sansoni</subfield><subfield code="c">1982</subfield></datafield><datafield ind1=" " ind2=" " tag="300"><subfield code="a">LXXXVIII, 229 S.</subfield><subfield code="b">Ill.</subfield><subfield code="c">25 cm</subfield></datafield><datafield ind1=" " ind2=" " tag="336"><subfield code="b">txt</subfield><subfield code="2">rdacontent</subfield></datafield><datafield ind1=" " ind2=" " tag="337"><subfield code="b">n</subfield><subfield code="2">rdamedia</subfield></datafield><datafield ind1=" " ind2=" " tag="338"><subfield code="b">nc</subfield><subfield code="2">rdacarrier</subfield></datafield><datafield ind1="1" ind2=" " tag="490"><subfield code="a">Studi e testi / Istituto nazionale di studi sul Rinascimento</subfield><subfield code="v">7</subfield></datafield><datafield ind1=" " ind2=" " tag="691"><subfield code="e">858.2</subfield><subfield code="a">Scritti miscellanei italiani, 1375-1492</subfield><subfield code="2">usi-TE</subfield></datafield><datafield ind1="0" ind2=" " tag="700"><subfield code="a">Matthaeus</subfield><subfield code="c">Palmerius</subfield><subfield code="d">1406-1475</subfield><subfield code="0">(DE-588)120193205</subfield></datafield><datafield ind1="1" ind2=" " tag="700"><subfield code="a">Belloni, Gino</subfield><subfield code="d">1945-....</subfield><subfield code="0">(IDREF)028430522</subfield></datafield><datafield ind1=" " ind2="0" tag="830"><subfield code="a">Studi e testi</subfield><subfield code="v">7</subfield><subfield code="w">(IDSBB)000061753DSV01</subfield></datafield><datafield ind1=" " ind2=" " tag="900"><subfield code="a">REROnoselfmerge</subfield></datafield><datafield ind1=" " ind2=" " tag="993"><subfield code="a">BFLA 180770</subfield><subfield code="x">ge/ulit/a/FLt 58297</subfield><subfield code="9">LOCAL</subfield></datafield></record>
</metadata></record>