<record><header><identifier>oai:alma.41SLSP_UGE:991000798399705502</identifier><datestamp>2023-03-04T01:27:09Z</datestamp><setSpec>uge_bcen_RapidILL_BOOK</setSpec><setSpec>uge_aaca_RapidILL_BOOK</setSpec><setSpec>uge_abels_RapidILL_BOOK</setSpec><setSpec>uge_dbu_RapidILL_BOOK</setSpec><setSpec>uge_cmu_RapidILL_BOOK</setSpec><setSpec>uge_mail_RapidILL_BOOK</setSpec><setSpec>uge_abbat_RapidILL_BOOK</setSpec><setSpec>UNIGE_ALL</setSpec><setSpec>uge_aobs_RapidILL_BOOK</setSpec><setSpec>uge_acar_RapidILL_BOOK</setSpec></header><metadata>
<record xmlns="http://www.loc.gov/MARC21/slim" xmlns:xsi="http://www.w3.org/2001/XMLSchema-instance" xsi:schemaLocation="http://www.loc.gov/MARC21/slim http://www.loc.gov/standards/marcxml/schema/MARC21slim.xsd"><leader>02569nam a22005537c 4500</leader><controlfield tag="001">991000798399705502</controlfield><controlfield tag="005">20230303211715.0</controlfield><controlfield tag="008">201011t19911991gw ||||| |||| 10| ||eng d</controlfield><datafield ind1=" " ind2=" " tag="020"><subfield code="a">3540545026</subfield><subfield code="q">Berlin ...</subfield></datafield><datafield ind1=" " ind2=" " tag="020"><subfield code="a">0387545026</subfield><subfield code="q">New York ...</subfield></datafield><datafield ind1=" " ind2=" " tag="035"><subfield code="a">(swissbib)22981087X-41slsp_network</subfield></datafield><datafield ind1=" " ind2=" " tag="035"><subfield code="a">22981087X</subfield><subfield code="9">ExL</subfield></datafield><datafield ind1=" " ind2=" " tag="035"><subfield code="a">(RERO)R003294735-41slsp</subfield></datafield><datafield ind1=" " ind2=" " tag="035"><subfield code="a">(NEBIS)000608681EBI01</subfield></datafield><datafield ind1=" " ind2=" " tag="035"><subfield code="a">(EXLNZ-41SLSP_NETWORK)991129642049705501</subfield></datafield><datafield ind1=" " ind2=" " tag="040"><subfield code="a">RERO geucui</subfield><subfield code="d">CH-ZuSLS</subfield></datafield><datafield ind1=" " ind2="7" tag="072"><subfield code="a">in</subfield><subfield code="2">rero</subfield></datafield><datafield ind1=" " ind2="7" tag="072"><subfield code="a">pe</subfield><subfield code="2">rero</subfield></datafield><datafield ind1="0" ind2="0" tag="245"><subfield code="a">Software engineering education</subfield><subfield code="b">SEI conference 1991, Pittsburgh, Pennsylvania, USA, October 7-8, 1991 : proceedings</subfield><subfield code="c">J. E. Tomayko, (ed.)</subfield></datafield><datafield ind1="1" ind2=" " tag="246"><subfield code="a">SEI 1991, software engineering education</subfield></datafield><datafield ind1=" " ind2="1" tag="264"><subfield code="a">Berlin [etc.]</subfield><subfield code="b">Springer</subfield><subfield code="c">[1991]</subfield></datafield><datafield ind1=" " ind2="4" tag="264"><subfield code="c">© 1991</subfield></datafield><datafield ind1=" " ind2=" " tag="300"><subfield code="a">VIII, 296 p.</subfield><subfield code="b">fig.</subfield><subfield code="c">25 cm</subfield></datafield><datafield ind1=" " ind2=" " tag="336"><subfield code="b">txt</subfield><subfield code="2">rdacontent</subfield></datafield><datafield ind1=" " ind2=" " tag="337"><subfield code="b">n</subfield><subfield code="2">rdamedia</subfield></datafield><datafield ind1=" " ind2=" " tag="338"><subfield code="b">nc</subfield><subfield code="2">rdacarrier</subfield></datafield><datafield ind1="1" ind2=" " tag="490"><subfield code="a">Lecture notes in computer science</subfield><subfield code="v">536</subfield></datafield><datafield ind1=" " ind2=" " tag="500"><subfield code="a">Rückentitel: SEI 1991, software engineering education</subfield></datafield><datafield ind1=" " ind2=" " tag="500"><subfield code="a">&quot;The fifth SEI Conference on Software Engineering ...&quot;</subfield></datafield><datafield ind1=" " ind2="7" tag="650"><subfield code="a">génie logiciel - enseignement</subfield><subfield code="0">(RERO)A010088192</subfield><subfield code="2">rerovoc</subfield></datafield><datafield ind1=" " ind2="7" tag="650"><subfield code="a">programmation - enseignement</subfield><subfield code="0">(RERO)A010136372</subfield><subfield code="2">rerovoc</subfield></datafield><datafield ind1=" " ind2="7" tag="650"><subfield code="a">Génie logiciel</subfield><subfield code="0">(IDREF)027673529</subfield><subfield code="2">idref</subfield></datafield><datafield ind1=" " ind2="7" tag="650"><subfield code="a">Éducation</subfield><subfield code="0">(IDREF)027555100</subfield><subfield code="2">idref</subfield></datafield><datafield ind1=" " ind2="7" tag="650"><subfield code="a">Enseignement</subfield><subfield code="0">(IDREF)027264998</subfield><subfield code="2">idref</subfield></datafield><datafield ind1=" " ind2="7" tag="650"><subfield code="a">Programmation</subfield><subfield code="0">(IDREF)028625056</subfield><subfield code="2">idref</subfield></datafield><datafield ind1=" " ind2="7" tag="650"><subfield code="a">SOFTWARE ENGINEERING</subfield><subfield code="9">ger</subfield><subfield code="0">(ETHUDK)000043018</subfield><subfield code="2">ethudk</subfield></datafield><datafield ind1=" " ind2="7" tag="650"><subfield code="a">TECHNISCHE AUSBILDUNG + INGENIEURAUSBILDUNG (BERUFSAUSBILDUNG)</subfield><subfield code="9">ger</subfield><subfield code="0">(ETHUDK)000012214</subfield><subfield code="2">ethudk</subfield></datafield><datafield ind1=" " ind2="7" tag="655"><subfield code="a">Actes de congrès</subfield><subfield code="0">(IDREF)02886431X</subfield><subfield code="2">idref</subfield></datafield><datafield ind1=" " ind2="7" tag="655"><subfield code="a">Konferenzschrift</subfield><subfield code="z">Pittsburgh (PA)</subfield><subfield code="y">1991/10</subfield><subfield code="2">gnd-content</subfield></datafield><datafield ind1=" " ind2=" " tag="690"><subfield code="a">D.2</subfield><subfield code="d">SOFTWARE ENGINEERING</subfield><subfield code="2">uzb-UM</subfield></datafield><datafield ind1=" " ind2=" " tag="690"><subfield code="a">K.3</subfield><subfield code="d">COMPUTERS AND EDUCATION</subfield><subfield code="2">uzb-UM</subfield></datafield><datafield ind1="1" ind2=" " tag="700"><subfield code="a">Tomayko, J.E.</subfield></datafield><datafield ind1="1" ind2=" " tag="700"><subfield code="a">Tomayko, James E.</subfield><subfield code="0">(IDREF)160741203</subfield><subfield code="4">edt</subfield></datafield><datafield ind1="2" ind2=" " tag="710"><subfield code="a">Carnegie Mellon University</subfield><subfield code="b">Software Engineering Institute</subfield><subfield code="0">(DE-588)2101408-5</subfield></datafield><datafield ind1="2" ind2=" " tag="711"><subfield code="a">SEI Conference on Software Engineering Education</subfield><subfield code="0">(DE-588)1091935289</subfield></datafield><datafield ind1="2" ind2=" " tag="711"><subfield code="a">Software Engineering Education Conference</subfield><subfield code="n">5</subfield><subfield code="d">1991</subfield><subfield code="c">Pittsburgh</subfield><subfield code="0">(RERO)A012342760</subfield></datafield><datafield ind1="4" ind2=" " tag="856"><subfield code="3">Abstract / Autoreninformation</subfield><subfield code="u">https://toc.library.ethz.ch/objects/pdf/000017691_e01_3540545026_02.pdf</subfield><subfield code="q">pdf</subfield></datafield><datafield ind1=" " ind2="0" tag="830"><subfield code="a">Lecture notes in computer science</subfield><subfield code="n">1 (1973) - 2999 (2004)</subfield><subfield code="v">536</subfield><subfield code="w">(NEBIS)000025969EBI01</subfield></datafield><datafield ind1=" " ind2="0" tag="830"><subfield code="a">Lecture notes in computer science</subfield><subfield code="v">536</subfield><subfield code="w">(RERO)0078255-41slsp</subfield></datafield><datafield ind1=" " ind2=" " tag="900"><subfield code="a">REROnoselfmerge</subfield></datafield></record>
</metadata></record>