<record><header><identifier>oai:alma.41SLSP_UGE:991000798919705502</identifier><datestamp>2023-06-26T00:15:06Z</datestamp><setSpec>UNIGE_ALL</setSpec></header><metadata>
<record xmlns="http://www.loc.gov/MARC21/slim" xmlns:xsi="http://www.w3.org/2001/XMLSchema-instance" xsi:schemaLocation="http://www.loc.gov/MARC21/slim http://www.loc.gov/standards/marcxml/schema/MARC21slim.xsd"><leader>01928ngm a2200361 c 4500</leader><controlfield tag="001">991000798919705502</controlfield><controlfield tag="005">20230625173232.0</controlfield><controlfield tag="007">vd |v||||</controlfield><controlfield tag="008">160831s1944    xxu||| |          v|eng d</controlfield><datafield ind1=" " ind2=" " tag="035"><subfield code="a">(swissbib)12318018X-41slsp_network</subfield></datafield><datafield ind1=" " ind2=" " tag="035"><subfield code="a">12318018X</subfield><subfield code="9">ExL</subfield></datafield><datafield ind1=" " ind2=" " tag="035"><subfield code="a">(RERO)R008502075-41slsp</subfield></datafield><datafield ind1=" " ind2=" " tag="035"><subfield code="a">(EXLNZ-41SLSP_NETWORK)991034186189705501</subfield></datafield><datafield ind1=" " ind2=" " tag="040"><subfield code="a">RERO geumem</subfield><subfield code="d">CH-ZuSLS</subfield></datafield><datafield ind1="1" ind2=" " tag="041"><subfield code="a">eng</subfield><subfield code="a">fre</subfield><subfield code="h">eng</subfield></datafield><datafield ind1=" " ind2="7" tag="072"><subfield code="a">ba</subfield><subfield code="2">rero</subfield></datafield><datafield ind1="0" ind2="0" tag="245"><subfield code="a">To have and have not</subfield><subfield code="b">= Le port de l'angoisse</subfield><subfield code="c">directed by Howard Hawks ; screenplay by Jules Furthman and William Faulkner ; [d'après le roman d'] Ernest Hemingway</subfield></datafield><datafield ind1="1" ind2=" " tag="246"><subfield code="a">Port de l'angoisse</subfield></datafield><datafield ind1=" " ind2="1" tag="264"><subfield code="a">[Lieu de publication non identifié]</subfield><subfield code="b">Warner Bros. Pictures</subfield><subfield code="b">First Nationale Picture</subfield><subfield code="c">1944</subfield></datafield><datafield ind1=" " ind2=" " tag="300"><subfield code="a">1 DVD-R</subfield><subfield code="b">noir et blanc</subfield></datafield><datafield ind1=" " ind2=" " tag="336"><subfield code="b">tdi</subfield><subfield code="2">rdacontent</subfield></datafield><datafield ind1=" " ind2=" " tag="337"><subfield code="b">v</subfield><subfield code="2">rdamedia</subfield></datafield><datafield ind1=" " ind2=" " tag="338"><subfield code="b">vd</subfield><subfield code="2">rdacarrier</subfield></datafield><datafield ind1=" " ind2=" " tag="500"><subfield code="a">Durée du film : 93 min.</subfield></datafield><datafield ind1=" " ind2=" " tag="500"><subfield code="a">Choix de langues : anglais. Choix de sous-titres : français</subfield></datafield><datafield ind1=" " ind2=" " tag="500"><subfield code="a">Diffusé sur TCM</subfield></datafield><datafield ind1="0" ind2=" " tag="511"><subfield code="a">Humphrey, Bogart ; Walter Brennan ; Lauren Bacall ; Dolores Moran ; Hoagy Carmichael... et al.</subfield></datafield><datafield ind1="8" ind2=" " tag="520"><subfield code="a">&quot;En 1942, Harry Morgan, le propriétaire d'un yacht à la Martinique, gagne sa vie en emmenant à la pêche de riches touristes. Gérard, gaulliste convaincu et patron de l'hôtel où il loge, demande à Harry de l'aider à faire entrer clandestinement dans l'île un chef de la Résistance. D'abord réticent, Harry accepte, acculé par le besoin d'argent. Il vient en effet de rencontrer une jeune Américaine, Marie. Ils s'aiment et veulent quitter l'île.&quot;</subfield><subfield code="5">RERO/geumem/09.2016</subfield></datafield><datafield ind1=" " ind2="7" tag="655"><subfield code="a">DVD</subfield><subfield code="0">(IDREF)035108444</subfield><subfield code="2">idref</subfield></datafield><datafield ind1=" " ind2="7" tag="655"><subfield code="a">Films de fiction</subfield><subfield code="0">(IDREF)14779644X</subfield><subfield code="2">idref</subfield></datafield><datafield ind1="1" ind2=" " tag="700"><subfield code="a">Hawks, Howard</subfield><subfield code="0">(RERO)A003354637</subfield></datafield><datafield ind1="1" ind2=" " tag="700"><subfield code="a">Furthman, Jules</subfield><subfield code="d">1888-1966</subfield><subfield code="0">(IDREF)060562366</subfield></datafield><datafield ind1="1" ind2=" " tag="700"><subfield code="a">Faulkner, William</subfield><subfield code="d">1897-1962</subfield><subfield code="0">(IDREF)026859041</subfield></datafield><datafield ind1="1" ind2=" " tag="700"><subfield code="a">Hemingway, Ernest</subfield><subfield code="d">1899-1961</subfield><subfield code="0">(IDREF)026918471</subfield></datafield></record>
</metadata></record>