<record><header><identifier>oai:alma.41SLSP_UGE:991000798899705502</identifier><datestamp>2023-03-04T01:19:37Z</datestamp><setSpec>uge_bcen_RapidILL_BOOK</setSpec><setSpec>uge_aaca_RapidILL_BOOK</setSpec><setSpec>uge_abels_RapidILL_BOOK</setSpec><setSpec>uge_dbu_RapidILL_BOOK</setSpec><setSpec>uge_cmu_RapidILL_BOOK</setSpec><setSpec>uge_mail_RapidILL_BOOK</setSpec><setSpec>uge_abbat_RapidILL_BOOK</setSpec><setSpec>UNIGE_ALL</setSpec><setSpec>uge_acar_RapidILL_BOOK</setSpec><setSpec>uge_aobs_RapidILL_BOOK</setSpec></header><metadata>
<record xmlns="http://www.loc.gov/MARC21/slim" xmlns:xsi="http://www.w3.org/2001/XMLSchema-instance" xsi:schemaLocation="http://www.loc.gov/MARC21/slim http://www.loc.gov/standards/marcxml/schema/MARC21slim.xsd"><leader>02836nam a22006852ca4500</leader><controlfield tag="001">991000798899705502</controlfield><controlfield tag="005">20230303202528.0</controlfield><controlfield tag="008">201011s1989    it            10| | ita d</controlfield><datafield ind1=" " ind2=" " tag="035"><subfield code="a">(swissbib)212559559-41slsp_network</subfield></datafield><datafield ind1=" " ind2=" " tag="035"><subfield code="a">212559559</subfield><subfield code="9">ExL</subfield></datafield><datafield ind1=" " ind2=" " tag="035"><subfield code="a">(NEBIS)008943215EBI01</subfield></datafield><datafield ind1=" " ind2=" " tag="035"><subfield code="a">(IDSBB)000515633DSV01</subfield></datafield><datafield ind1=" " ind2=" " tag="035"><subfield code="a">(NEBIS)001015985EBI01</subfield></datafield><datafield ind1=" " ind2=" " tag="035"><subfield code="a">(RERO)1139867-41slsp</subfield></datafield><datafield ind1=" " ind2=" " tag="035"><subfield code="a">(EXLNZ-41SLSP_NETWORK)991018062359705501</subfield></datafield><datafield ind1=" " ind2=" " tag="040"><subfield code="a">SzZuIDS NEBIS UZH</subfield><subfield code="d">CH-ZuSLS</subfield></datafield><datafield ind1="0" ind2=" " tag="041"><subfield code="a">ita</subfield><subfield code="a">eng</subfield><subfield code="a">fre</subfield><subfield code="a">ger</subfield><subfield code="a">spa</subfield></datafield><datafield ind1=" " ind2=" " tag="050"><subfield code="a">PA23</subfield><subfield code="b">.F55 1989</subfield></datafield><datafield ind1=" " ind2="7" tag="072"><subfield code="a">kp</subfield><subfield code="2">SzZuIDS BS/BE</subfield></datafield><datafield ind1=" " ind2="7" tag="072"><subfield code="a">gr</subfield><subfield code="2">rero</subfield></datafield><datafield ind1=" " ind2="7" tag="072"><subfield code="a">la</subfield><subfield code="2">rero</subfield></datafield><datafield ind1="0" ind2="4" tag="082"><subfield code="a">480</subfield><subfield code="2">20</subfield></datafield><datafield ind1="0" ind2="0" tag="245"><subfield code="a">&lt;&lt;La&gt;&gt; filologia greca e latina nel secolo XX</subfield><subfield code="b">atti del congresso internazionale, Roma, 17-21 settembre 1984</subfield><subfield code="c">Consiglio nazionale delle ricerche</subfield></datafield><datafield ind1="1" ind2=" " tag="246"><subfield code="a">&lt;&lt;La&gt;&gt; filologia greca e latina nel ventesimo secolo</subfield></datafield><datafield ind1=" " ind2="1" tag="264"><subfield code="a">Pisa</subfield><subfield code="b">Giardini Editori</subfield><subfield code="c">1989</subfield></datafield><datafield ind1=" " ind2=" " tag="300"><subfield code="a">3 Bde.</subfield><subfield code="c">26 cm</subfield></datafield><datafield ind1=" " ind2=" " tag="336"><subfield code="b">txt</subfield><subfield code="2">rdacontent</subfield></datafield><datafield ind1=" " ind2=" " tag="337"><subfield code="b">n</subfield><subfield code="2">rdamedia</subfield></datafield><datafield ind1=" " ind2=" " tag="338"><subfield code="b">nc</subfield><subfield code="2">rdacarrier</subfield></datafield><datafield ind1="1" ind2=" " tag="490"><subfield code="a">Biblioteca di studi antichi</subfield><subfield code="v">56</subfield></datafield><datafield ind1=" " ind2=" " tag="500"><subfield code="a">Texte engl., franz., dt. italien. oder span.</subfield></datafield><datafield ind1=" " ind2=" " tag="500"><subfield code="a">Vol. 3 enth.: Indici / a cura di Armida Lamedica</subfield></datafield><datafield ind1=" " ind2=" " tag="500"><subfield code="a">Beitr. ital., franz., engl., dt. oder span.</subfield></datafield><datafield ind1=" " ind2=" " tag="504"><subfield code="a">Includes bibliographical references</subfield></datafield><datafield ind1=" " ind2=" " tag="504"><subfield code="a">Literaturverz.</subfield></datafield><datafield ind1="0" ind2=" " tag="505"><subfield code="a">Enthält: 1 : [ohne Einzeltitel] -- 2 : [ohne Einzeltitel] -- 3 : Indici / a cura di Armida Lamedica</subfield></datafield><datafield ind1=" " ind2="7" tag="648"><subfield code="a">Geschichte 1900-1984</subfield><subfield code="2">gnd</subfield></datafield><datafield ind1=" " ind2="7" tag="650"><subfield code="a">Klassische Philologie</subfield><subfield code="0">(DE-588)4164044-5</subfield><subfield code="2">gnd</subfield></datafield><datafield ind1=" " ind2="7" tag="650"><subfield code="a">Internationaler Vergleich</subfield><subfield code="0">(DE-588)4120509-1</subfield><subfield code="2">gnd</subfield></datafield><datafield ind1=" " ind2="7" tag="650"><subfield code="a">Griechische Literatur</subfield><subfield code="v">Kongressbericht</subfield><subfield code="2">idsbb</subfield></datafield><datafield ind1=" " ind2="7" tag="650"><subfield code="a">Lateinische Literatur</subfield><subfield code="v">Kongressbericht</subfield><subfield code="2">idsbb</subfield></datafield><datafield ind1=" " ind2="7" tag="650"><subfield code="a">Lateinische Sprache</subfield><subfield code="v">Kongressbericht</subfield><subfield code="2">idsbb</subfield></datafield><datafield ind1=" " ind2="7" tag="650"><subfield code="a">Griechische Sprache</subfield><subfield code="v">Kongressbericht</subfield><subfield code="2">idsbb</subfield></datafield><datafield ind1=" " ind2="7" tag="650"><subfield code="a">Internationaler Vergleich</subfield><subfield code="2">idszbz</subfield></datafield><datafield ind1=" " ind2="7" tag="650"><subfield code="a">Klassische Philologie</subfield><subfield code="2">idszbz</subfield></datafield><datafield ind1=" " ind2="7" tag="650"><subfield code="a">Philologie classique</subfield><subfield code="0">(IDREF)02724668X</subfield><subfield code="2">idref</subfield></datafield><datafield ind1=" " ind2="7" tag="650"><subfield code="a">20e siècle</subfield><subfield code="0">(IDREF)086305646</subfield><subfield code="2">idref</subfield></datafield><datafield ind1=" " ind2="7" tag="655"><subfield code="a">Konferenzschrift</subfield><subfield code="2">gnd-content</subfield></datafield><datafield ind1=" " ind2="7" tag="655"><subfield code="a">Konferenzschrift</subfield><subfield code="z">Roma</subfield><subfield code="y">1984</subfield><subfield code="2">gnd-content</subfield></datafield><datafield ind1=" " ind2="7" tag="655"><subfield code="a">Konferenzschrift</subfield><subfield code="z">Rom</subfield><subfield code="y">1984</subfield><subfield code="2">gnd-content</subfield></datafield><datafield ind1=" " ind2="7" tag="655"><subfield code="a">Aufsatzsammlung</subfield><subfield code="2">idszbz</subfield></datafield><datafield ind1=" " ind2="7" tag="655"><subfield code="a">Actes de congrès</subfield><subfield code="0">(IDREF)02886431X</subfield><subfield code="2">idref</subfield></datafield><datafield ind1="1" ind2=" " tag="700"><subfield code="a">Arrighetti, Graziano</subfield></datafield><datafield ind1="1" ind2=" " tag="700"><subfield code="a">Lamedica, Armida</subfield></datafield><datafield ind1="2" ind2=" " tag="710"><subfield code="a">Consiglio nazionale delle ricerche (Italia)</subfield><subfield code="b">Congresso internazionale</subfield><subfield code="d">1984</subfield><subfield code="c">Roma</subfield><subfield code="0">(RERO)A012527599</subfield></datafield><datafield ind1="2" ind2=" " tag="710"><subfield code="a">Consiglio nazionale delle ricerche</subfield><subfield code="0">(DE-588)1001684-3</subfield></datafield><datafield ind1="0" ind2=" " tag="730"><subfield code="a">&lt;&lt;La&gt;&gt; filologia greca e latina nel ventesimo secolo</subfield></datafield><datafield ind1=" " ind2=" " tag="830"><subfield code="a">Biblioteca di studi antichi</subfield><subfield code="v">56</subfield><subfield code="w">(RERO)0245769-41slsp</subfield></datafield><datafield ind1=" " ind2=" " tag="830"><subfield code="a">Biblioteca di studi antichi</subfield><subfield code="v">56</subfield><subfield code="w">(NEBIS)000973521EBI01</subfield></datafield><datafield ind1=" " ind2=" " tag="900"><subfield code="f">IDSU2medea</subfield></datafield><datafield ind1=" " ind2=" " tag="900"><subfield code="a">REROnoselfmerge</subfield></datafield></record>
</metadata></record>