<record><header><identifier>oai:alma.41SLSP_UGE:991000798279705502</identifier><datestamp>2023-03-01T01:09:27Z</datestamp><setSpec>uge_bcen_RapidILL_BOOK</setSpec><setSpec>uge_aaca_RapidILL_BOOK</setSpec><setSpec>uge_abels_RapidILL_BOOK</setSpec><setSpec>uge_dbu_RapidILL_BOOK</setSpec><setSpec>uge_cmu_RapidILL_BOOK</setSpec><setSpec>uge_mail_RapidILL_BOOK</setSpec><setSpec>UNIGE_ALL</setSpec><setSpec>uge_abbat_RapidILL_BOOK</setSpec><setSpec>uge_aobs_RapidILL_BOOK</setSpec><setSpec>uge_acar_RapidILL_BOOK</setSpec></header><metadata>
<record xmlns="http://www.loc.gov/MARC21/slim" xmlns:xsi="http://www.w3.org/2001/XMLSchema-instance" xsi:schemaLocation="http://www.loc.gov/MARC21/slim http://www.loc.gov/standards/marcxml/schema/MARC21slim.xsd"><leader>01483nam a2200421 c 4500</leader><controlfield tag="001">991000798279705502</controlfield><controlfield tag="005">20210207113557.0</controlfield><controlfield tag="008">201011s2018    it       |||| 00| 0 oci|d</controlfield><datafield ind1=" " ind2=" " tag="020"><subfield code="a">8843091190</subfield></datafield><datafield ind1=" " ind2=" " tag="020"><subfield code="a">9788843091195</subfield></datafield><datafield ind1=" " ind2=" " tag="035"><subfield code="a">(swissbib)228276527-41slsp_network</subfield></datafield><datafield ind1=" " ind2=" " tag="035"><subfield code="a">228276527</subfield><subfield code="9">ExL</subfield></datafield><datafield ind1=" " ind2=" " tag="035"><subfield code="a">(NEBIS)011633107EBI01</subfield></datafield><datafield ind1=" " ind2=" " tag="035"><subfield code="a">(RERO)R008802297-41slsp</subfield></datafield><datafield ind1=" " ind2=" " tag="035"><subfield code="a">(EXLNZ-41SLSP_NETWORK)991098494979705501</subfield></datafield><datafield ind1=" " ind2=" " tag="040"><subfield code="a">GBVCP</subfield><subfield code="b">ger</subfield><subfield code="e">rda</subfield><subfield code="d">CH-ZuSLS</subfield></datafield><datafield ind1="1" ind2=" " tag="041"><subfield code="a">oci</subfield><subfield code="a">ita</subfield><subfield code="h">oci</subfield></datafield><datafield ind1=" " ind2="4" tag="050"><subfield code="a">PC</subfield></datafield><datafield ind1=" " ind2="7" tag="072"><subfield code="a">fm</subfield><subfield code="2">rero</subfield></datafield><datafield ind1="0" ind2="4" tag="082"><subfield code="a">849</subfield><subfield code="2">14</subfield></datafield><datafield ind1="0" ind2=" " tag="130"><subfield code="a">Ronsasvals</subfield><subfield code="0">(DE-588)4313921-8</subfield></datafield><datafield ind1="1" ind2="0" tag="245"><subfield code="a">Ronsasvals</subfield><subfield code="c">a cura di Beatrice Solla</subfield></datafield><datafield ind1=" " ind2=" " tag="250"><subfield code="a">1a edizione</subfield></datafield><datafield ind1=" " ind2="1" tag="264"><subfield code="a">Roma</subfield><subfield code="b">Carocci editore</subfield><subfield code="c">marzo 2018</subfield></datafield><datafield ind1=" " ind2=" " tag="300"><subfield code="a">207 Seiten</subfield><subfield code="c">19 cm</subfield></datafield><datafield ind1=" " ind2=" " tag="336"><subfield code="b">txt</subfield><subfield code="2">rdacontent</subfield></datafield><datafield ind1=" " ind2=" " tag="337"><subfield code="b">n</subfield><subfield code="2">rdamedia</subfield></datafield><datafield ind1=" " ind2=" " tag="338"><subfield code="b">nc</subfield><subfield code="2">rdacarrier</subfield></datafield><datafield ind1="1" ind2=" " tag="490"><subfield code="a">Biblioteca medievale</subfield><subfield code="v">152</subfield></datafield><datafield ind1=" " ind2=" " tag="500"><subfield code="a">Includes introduction by the editor (pages 9-57)</subfield></datafield><datafield ind1=" " ind2=" " tag="500"><subfield code="a">Includes bibliographical references (pages 201-207)</subfield></datafield><datafield ind1=" " ind2=" " tag="500"><subfield code="a">Originaltext in Provenzalisch mit paralleler Übersetzung in Italienisch; Einleitung in Italienisch</subfield></datafield><datafield ind1=" " ind2=" " tag="500"><subfield code="a">Texte occitan et trad. italienne en regard</subfield></datafield><datafield ind1="0" ind2="7" tag="630"><subfield code="a">Ronsasvals</subfield><subfield code="0">(DE-588)4313921-8</subfield><subfield code="2">gnd</subfield></datafield><datafield ind1="1" ind2=" " tag="700"><subfield code="a">Solla, Beatrice</subfield><subfield code="d">19..-....</subfield><subfield code="0">(IDREF)190420405</subfield><subfield code="4">edt</subfield></datafield><datafield ind1="0" ind2=" " tag="730"><subfield code="a">Ronsasvals</subfield><subfield code="l">Occitan ancien - italien</subfield></datafield><datafield ind1=" " ind2="0" tag="830"><subfield code="a">Biblioteca medievale</subfield><subfield code="v">152</subfield><subfield code="w">991103706559705501</subfield></datafield><datafield ind1=" " ind2="0" tag="830"><subfield code="a">Biblioteca medievale</subfield><subfield code="p">Carocci</subfield><subfield code="v">152</subfield><subfield code="w">(RERO)R003756729-41slsp</subfield></datafield><datafield ind1=" " ind2=" " tag="900"><subfield code="a">REROnoselfmerge</subfield></datafield></record>
</metadata></record>