<record><header><identifier>oai:alma.41SLSP_UGE:991000798519705502</identifier><datestamp>2023-03-01T01:09:27Z</datestamp><setSpec>uge_bcen_RapidILL_BOOK</setSpec><setSpec>uge_aaca_RapidILL_BOOK</setSpec><setSpec>uge_abels_RapidILL_BOOK</setSpec><setSpec>uge_dbu_RapidILL_BOOK</setSpec><setSpec>uge_cmu_RapidILL_BOOK</setSpec><setSpec>uge_mail_RapidILL_BOOK</setSpec><setSpec>UNIGE_ALL</setSpec><setSpec>uge_abbat_RapidILL_BOOK</setSpec><setSpec>uge_aobs_RapidILL_BOOK</setSpec><setSpec>uge_acar_RapidILL_BOOK</setSpec></header><metadata>
<record xmlns="http://www.loc.gov/MARC21/slim" xmlns:xsi="http://www.w3.org/2001/XMLSchema-instance" xsi:schemaLocation="http://www.loc.gov/MARC21/slim http://www.loc.gov/standards/marcxml/schema/MARC21slim.xsd"><leader>02162nam a2200313 c 4500</leader><controlfield tag="001">991000798519705502</controlfield><controlfield tag="005">20201225185032.0</controlfield><controlfield tag="008">931201s1993    sz ||||| m||| 00| ||fre d</controlfield><datafield ind1=" " ind2=" " tag="019"><subfield code="a">Catalogage: décrit l'ex. de thèse.</subfield><subfield code="5">RERO/27.01.1994/geudbu/mc</subfield></datafield><datafield ind1=" " ind2=" " tag="035"><subfield code="a">(swissbib)088227553-41slsp_network</subfield></datafield><datafield ind1=" " ind2=" " tag="035"><subfield code="a">088227553</subfield><subfield code="9">ExL</subfield></datafield><datafield ind1=" " ind2=" " tag="035"><subfield code="a">(RERO)1778415-41slsp</subfield></datafield><datafield ind1=" " ind2=" " tag="035"><subfield code="a">(EXLNZ-41SLSP_NETWORK)991112027679705501</subfield></datafield><datafield ind1=" " ind2=" " tag="040"><subfield code="a">RERO geusba</subfield><subfield code="d">CH-ZuSLS</subfield></datafield><datafield ind1=" " ind2=" " tag="044"><subfield code="a">sz</subfield><subfield code="c">ch-ge</subfield></datafield><datafield ind1=" " ind2="7" tag="072"><subfield code="a">bi</subfield><subfield code="2">rero</subfield></datafield><datafield ind1="1" ind2=" " tag="100"><subfield code="a">Cléard, Fabienne</subfield><subfield code="0">(RERO)A003112484</subfield><subfield code="4">cre</subfield></datafield><datafield ind1="1" ind2="0" tag="245"><subfield code="a">Effets de position chromosomiques chez la mouche drosophile</subfield><subfield code="b">le locus Suvar(3)7 code pour une protéïne à sept doigts de zinc associée à l'hétérochromatine</subfield><subfield code="c">Fabienne Cléard</subfield></datafield><datafield ind1=" " ind2="1" tag="264"><subfield code="a">Genève</subfield><subfield code="b">[éditeur non identifié]</subfield><subfield code="c">1993</subfield></datafield><datafield ind1=" " ind2=" " tag="300"><subfield code="a">99 f.</subfield><subfield code="b">ill.</subfield><subfield code="c">30 cm</subfield></datafield><datafield ind1=" " ind2=" " tag="336"><subfield code="b">txt</subfield><subfield code="2">rdacontent</subfield></datafield><datafield ind1=" " ind2=" " tag="337"><subfield code="b">n</subfield><subfield code="2">rdamedia</subfield></datafield><datafield ind1=" " ind2=" " tag="338"><subfield code="b">nc</subfield><subfield code="2">rdacarrier</subfield></datafield><datafield ind1=" " ind2=" " tag="502"><subfield code="a">Th. biologie Genève, 1993 ; Sc. n⁰ 2621</subfield></datafield><datafield ind1=" " ind2=" " tag="508"><subfield code="a">Directeur de thèse : Professeur Pierre Spierer</subfield></datafield><datafield ind1="8" ind2=" " tag="520"><subfield code="a">Analyse: Les effets de position chromosomiques dûs à l'hétérochromatine conduisent au phénomène appelé variégation.</subfield><subfield code="5">RERO/27.01.1994/geudbu/mc</subfield></datafield><datafield ind1="8" ind2=" " tag="520"><subfield code="a">Les modificateurs de variégation sont des mutations dominantes qui suppriment ou augmentent la cis-inactivation des gènes euchromatiques par l'hétérochromatine avoisinante.</subfield><subfield code="5">RERO/27.01.1994/geudbu/mc</subfield></datafield><datafield ind1="8" ind2=" " tag="520"><subfield code="a">Certains des modificateurs sont des gènes qui codent pour des protéines composant l'hétérochromatine. Ce pourrait être des constituants ayant un rôle clé dans le maintien des états actif et inactif de la chromatine assurant un moyen encore mal connu de régulation génétique.</subfield><subfield code="5">RERO/27.01.1994/geudbu/mc</subfield></datafield><datafield ind1="8" ind2=" " tag="520"><subfield code="a">Ce travail présente la caractérisation moléculaire du locus &quot;Suvar(3)7&quot; génétiquement identifié comme un modificateur de variégation. Il est montré que le produit du gène code pour une protéine nucléaire possédant sept motifs de doigt à zinc, et dont la localisation au niveau du chromocentre conduit à proposer une participation à la structure de l'hétérochromatine.</subfield><subfield code="5">RERO/27.01.1994/geudbu/mc</subfield></datafield><datafield ind1=" " ind2=" " tag="900"><subfield code="a">REROnoselfmerge</subfield></datafield></record>
</metadata></record>