<record><header><identifier>oai:alma.41SLSP_UGE:991000798309705502</identifier><datestamp>2023-08-09T01:47:44Z</datestamp><setSpec>uge_cmu_RapidILL_JOURNAL</setSpec><setSpec>uge_aobs_RapidILL_JOURNAL</setSpec><setSpec>uge_aaca_RapidILL_JOURNAL</setSpec><setSpec>uge_abbat_RapidILL_JOURNAL</setSpec><setSpec>uge_bcen_RapidILL_JOURNAL</setSpec><setSpec>uge_mail_RapidILL_JOURNAL</setSpec><setSpec>uge_dbu_RapidILL_JOURNAL</setSpec><setSpec>uge_abels_RapidILL_JOURNAL</setSpec><setSpec>UNIGE_ALL</setSpec><setSpec>uge_acar_RapidILL_JOURNAL</setSpec></header><metadata>
<record xmlns="http://www.loc.gov/MARC21/slim" xmlns:xsi="http://www.w3.org/2001/XMLSchema-instance" xsi:schemaLocation="http://www.loc.gov/MARC21/slim http://www.loc.gov/standards/marcxml/schema/MARC21slim.xsd"><leader>01675nas a2200373 c 4500</leader><controlfield tag="001">991000798309705502</controlfield><controlfield tag="005">20230808222101.0</controlfield><controlfield tag="008">000928d19851995sz || p|  ||| 0    0ger d</controlfield><datafield ind1=" " ind2=" " tag="035"><subfield code="a">(swissbib)081405928-41slsp_network</subfield></datafield><datafield ind1=" " ind2=" " tag="035"><subfield code="a">081405928</subfield><subfield code="9">ExL</subfield></datafield><datafield ind1=" " ind2=" " tag="035"><subfield code="a">(RERO)0794412-41slsp</subfield></datafield><datafield ind1=" " ind2=" " tag="035"><subfield code="a">(EXLNZ-41SLSP_NETWORK)991114701739705501</subfield></datafield><datafield ind1=" " ind2=" " tag="040"><subfield code="a">RERO gevbpu</subfield><subfield code="d">CH-ZuSLS</subfield></datafield><datafield ind1="0" ind2=" " tag="041"><subfield code="a">ger</subfield><subfield code="a">fre</subfield></datafield><datafield ind1=" " ind2="7" tag="072"><subfield code="a">se</subfield><subfield code="2">rero</subfield></datafield><datafield ind1="0" ind2="0" tag="245"><subfield code="a">&lt;&lt;Der&gt;&gt; öffentliche Verkehr</subfield><subfield code="c">Bundesamt für Statistik = Les transports publics / Office fédéral de la statistique</subfield></datafield><datafield ind1="1" ind2=" " tag="246"><subfield code="a">Transports publics</subfield></datafield><datafield ind1=" " ind2="1" tag="264"><subfield code="a">Bern</subfield><subfield code="b">Bundesamt für Statistik</subfield><subfield code="c">1986-1997</subfield></datafield><datafield ind1=" " ind2=" " tag="300"><subfield code="c">30 cm</subfield></datafield><datafield ind1=" " ind2=" " tag="336"><subfield code="b">txt</subfield><subfield code="2">rdacontent</subfield></datafield><datafield ind1=" " ind2=" " tag="337"><subfield code="b">n</subfield><subfield code="2">rdamedia</subfield></datafield><datafield ind1=" " ind2=" " tag="338"><subfield code="b">nc</subfield><subfield code="2">rdacarrier</subfield></datafield><datafield ind1="0" ind2=" " tag="362"><subfield code="a">1985-1995.</subfield></datafield><datafield ind1="1" ind2=" " tag="490"><subfield code="a">Statistik der Schweiz. 11, Verkehr und Nachrichtenwesen</subfield></datafield><datafield ind1=" " ind2=" " tag="500"><subfield code="a">Jusqu'en 1992 fait partie de la collection: Amtliche Statistik der Schweiz. 11, Verkehr. Statistische Resultate</subfield></datafield><datafield ind1=" " ind2=" " tag="580"><subfield code="a">Dès l'année 1996 cette édition sur papier disparaît et le périodique paraît sous la forme de 2 disquettes</subfield></datafield><datafield ind1=" " ind2=" " tag="580"><subfield code="a">Fait suite en partie à: Schweizerische Verkehrsstatistik = Statistique suisse des transports</subfield></datafield><datafield ind1=" " ind2="7" tag="650"><subfield code="a">transport public</subfield><subfield code="0">(RERO)A010033964</subfield><subfield code="2">rerovoc</subfield></datafield><datafield ind1=" " ind2="7" tag="651"><subfield code="a">Suisse</subfield><subfield code="0">(IDREF)027249654</subfield><subfield code="2">idref</subfield></datafield><datafield ind1=" " ind2="7" tag="655"><subfield code="a">Statistiques</subfield><subfield code="0">(IDREF)028627008</subfield><subfield code="2">idref</subfield></datafield><datafield ind1="2" ind2=" " tag="710"><subfield code="a">Suisse</subfield><subfield code="b">Office fédéral de la statistique</subfield><subfield code="0">(IDREF)026401738</subfield></datafield><datafield ind1="0" ind2="0" tag="780"><subfield code="t">Schweizerische Verkehrsstatistik = Statistique suisse des transports</subfield><subfield code="w">(RERO)0144618-41slsp</subfield></datafield><datafield ind1="0" ind2="0" tag="785"><subfield code="t">Oeffentliche Verkehr = Les transports publics</subfield></datafield><datafield ind1=" " ind2=" " tag="830"><subfield code="a">Statistik der Schweiz</subfield><subfield code="n">11</subfield><subfield code="p">Verkehr</subfield><subfield code="w">(RERO)1792743-41slsp</subfield></datafield><datafield ind1=" " ind2=" " tag="900"><subfield code="a">REROnoselfmerge</subfield></datafield></record>
</metadata></record>