<record><header><identifier>oai:alma.41SLSP_UGE:991000798419705502</identifier><datestamp>2024-07-19T00:10:12Z</datestamp><setSpec>uge_bcen_RapidILL_BOOK</setSpec><setSpec>uge_aaca_RapidILL_BOOK</setSpec><setSpec>uge_abels_RapidILL_BOOK</setSpec><setSpec>uge_dbu_RapidILL_BOOK</setSpec><setSpec>uge_cmu_RapidILL_BOOK</setSpec><setSpec>uge_mail_RapidILL_BOOK</setSpec><setSpec>uge_abbat_RapidILL_BOOK</setSpec><setSpec>UNIGE_ALL</setSpec><setSpec>uge_acar_RapidILL_BOOK</setSpec><setSpec>uge_aobs_RapidILL_BOOK</setSpec></header><metadata>
<record xmlns="http://www.loc.gov/MARC21/slim" xmlns:xsi="http://www.w3.org/2001/XMLSchema-instance" xsi:schemaLocation="http://www.loc.gov/MARC21/slim http://www.loc.gov/standards/marcxml/schema/MARC21slim.xsd"><leader>02935nam a2200697 c 4500</leader><controlfield tag="001">991000798419705502</controlfield><controlfield tag="005">20230408204710.0</controlfield><controlfield tag="008">201012s2005    xxk||||| |||| 11| ||eng d</controlfield><datafield ind1=" " ind2=" " tag="015"><subfield code="a">GBA538923</subfield><subfield code="2">bnb</subfield></datafield><datafield ind1=" " ind2=" " tag="020"><subfield code="a">1841716960</subfield><subfield code="q">pbk</subfield><subfield code="c">No price</subfield></datafield><datafield ind1=" " ind2=" " tag="035"><subfield code="a">(swissbib)240240758-41slsp_network</subfield></datafield><datafield ind1=" " ind2=" " tag="035"><subfield code="a">240240758</subfield><subfield code="9">ExL</subfield></datafield><datafield ind1=" " ind2=" " tag="035"><subfield code="a">(RERO)R003843574-41slsp</subfield></datafield><datafield ind1=" " ind2=" " tag="035"><subfield code="a">(NEBIS)004996434EBI01</subfield></datafield><datafield ind1=" " ind2=" " tag="035"><subfield code="a">(IDSBB)003654928DSV01</subfield></datafield><datafield ind1=" " ind2=" " tag="035"><subfield code="a">(EXLNZ-41SLSP_NETWORK)991128654879705501</subfield></datafield><datafield ind1=" " ind2=" " tag="040"><subfield code="a">RERO labcud</subfield><subfield code="d">CH-ZuSLS</subfield></datafield><datafield ind1="0" ind2=" " tag="041"><subfield code="a">eng</subfield><subfield code="a">fre</subfield><subfield code="a">ger</subfield></datafield><datafield ind1=" " ind2="7" tag="072"><subfield code="a">ar</subfield><subfield code="2">rero</subfield></datafield><datafield ind1=" " ind2="7" tag="072"><subfield code="a">ar</subfield><subfield code="2">SzZuIDS BS/BE</subfield></datafield><datafield ind1=" " ind2="7" tag="072"><subfield code="a">ag</subfield><subfield code="2">SzZuIDS BS/BE</subfield></datafield><datafield ind1="0" ind2="4" tag="082"><subfield code="a">939.8</subfield><subfield code="2">22</subfield></datafield><datafield ind1="1" ind2="4" tag="082"><subfield code="a">930</subfield><subfield code="2">15</subfield></datafield><datafield ind1=" " ind2=" " tag="084"><subfield code="a">LE 1800</subfield><subfield code="2">rvk</subfield></datafield><datafield ind1="0" ind2="0" tag="245"><subfield code="a">&lt;&lt;The&gt;&gt; culture of Thracians and their neighbours</subfield><subfield code="b">proceedings of the International Symposium in memory of Prof. Mieczyslaw Domaradzki, with a Round Table &quot;Archaeological map of Bulgaria&quot;</subfield><subfield code="c">ed. by Jan Bouzek, Lidia Domaradzka</subfield></datafield><datafield ind1=" " ind2="1" tag="264"><subfield code="a">Oxford</subfield><subfield code="b">Archaeopress</subfield><subfield code="c">2005</subfield></datafield><datafield ind1=" " ind2=" " tag="300"><subfield code="a">XIV, 282 p.</subfield><subfield code="b">portr., ill.</subfield><subfield code="c">30 cm</subfield></datafield><datafield ind1=" " ind2=" " tag="336"><subfield code="b">txt</subfield><subfield code="2">rdacontent</subfield></datafield><datafield ind1=" " ind2=" " tag="337"><subfield code="b">n</subfield><subfield code="2">rdamedia</subfield></datafield><datafield ind1=" " ind2=" " tag="338"><subfield code="b">nc</subfield><subfield code="2">rdacarrier</subfield></datafield><datafield ind1="1" ind2=" " tag="490"><subfield code="a">BAR International series</subfield><subfield code="v">S 1350</subfield></datafield><datafield ind1=" " ind2=" " tag="500"><subfield code="a">Papers from a conference held in the Bulgarian towns Kazanluk and Septemvri, September-October 1999</subfield></datafield><datafield ind1=" " ind2=" " tag="500"><subfield code="a">Text in English, French or German</subfield></datafield><datafield ind1=" " ind2=" " tag="504"><subfield code="a">Bibliogr. des écrits de M. Domaradzki: p. VI-XIII</subfield></datafield><datafield ind1=" " ind2="7" tag="650"><subfield code="a">Culture</subfield><subfield code="0">(IDREF)027231429</subfield><subfield code="2">idref</subfield></datafield><datafield ind1=" " ind2="7" tag="650"><subfield code="a">Archéologie</subfield><subfield code="0">(IDREF)02726971X</subfield><subfield code="2">idref</subfield></datafield><datafield ind1=" " ind2="7" tag="650"><subfield code="a">Relations culturelles</subfield><subfield code="0">(IDREF)027242404</subfield><subfield code="2">idref</subfield></datafield><datafield ind1=" " ind2="7" tag="650"><subfield code="a">Thraces</subfield><subfield code="0">(IDREF)027254054</subfield><subfield code="2">idref</subfield></datafield><datafield ind1=" " ind2="7" tag="650"><subfield code="a">Kultur</subfield><subfield code="0">(DE-588)4125698-0</subfield><subfield code="2">gnd</subfield></datafield><datafield ind1=" " ind2="7" tag="650"><subfield code="a">Thraker</subfield><subfield code="0">(DE-588)4119600-4</subfield><subfield code="2">gnd</subfield></datafield><datafield ind1=" " ind2="0" tag="651"><subfield code="a">Bulgaria</subfield><subfield code="x">Antiquities</subfield><subfield code="v">Congresses</subfield></datafield><datafield ind1=" " ind2="0" tag="651"><subfield code="a">Bulgaria</subfield><subfield code="x">Antiquities</subfield><subfield code="x">Congresses</subfield></datafield><datafield ind1=" " ind2="0" tag="651"><subfield code="a">Thrace</subfield><subfield code="x">Antiquities</subfield><subfield code="x">Congresses</subfield></datafield><datafield ind1=" " ind2="0" tag="651"><subfield code="a">Thrace</subfield><subfield code="x">Civilization</subfield><subfield code="x">Congresses</subfield></datafield><datafield ind1=" " ind2="0" tag="651"><subfield code="a">Thrace</subfield><subfield code="x">Antiquities</subfield><subfield code="v">Congresses</subfield></datafield><datafield ind1=" " ind2="0" tag="651"><subfield code="a">Thrace</subfield><subfield code="x">Civilization</subfield><subfield code="v">Congresses</subfield></datafield><datafield ind1=" " ind2="7" tag="651"><subfield code="a">Thraker</subfield><subfield code="v">Kongressbericht</subfield><subfield code="2">idsbb</subfield></datafield><datafield ind1=" " ind2="7" tag="655"><subfield code="a">Actes de congrès</subfield><subfield code="0">(IDREF)02886431X</subfield><subfield code="2">idref</subfield></datafield><datafield ind1=" " ind2="7" tag="655"><subfield code="a">Konferenzschrift</subfield><subfield code="2">gnd-content</subfield></datafield><datafield ind1=" " ind2="7" tag="655"><subfield code="a">Festschrift</subfield><subfield code="2">gnd-content</subfield></datafield><datafield ind1=" " ind2="7" tag="655"><subfield code="a">Konferenzschrift</subfield><subfield code="z">Kazanlăk</subfield><subfield code="y">1999</subfield><subfield code="2">gnd-content</subfield></datafield><datafield ind1=" " ind2="7" tag="655"><subfield code="a">Konferenzschrift</subfield><subfield code="z">Kazanluk</subfield><subfield code="y">1999</subfield><subfield code="2">gnd-content</subfield></datafield><datafield ind1=" " ind2="7" tag="655"><subfield code="a">Konferenzschrift</subfield><subfield code="z">Septemvri</subfield><subfield code="y">1999</subfield><subfield code="2">gnd-content</subfield></datafield><datafield ind1="1" ind2=" " tag="700"><subfield code="a">Domaradski, Mečislav</subfield><subfield code="d">1949-1998</subfield><subfield code="0">(DE-588)121972828</subfield></datafield><datafield ind1="1" ind2=" " tag="700"><subfield code="a">Domaradski, Mieczysław</subfield></datafield><datafield ind1="1" ind2=" " tag="700"><subfield code="a">Domaradzki, Mieczysław</subfield><subfield code="d">1949-1998</subfield><subfield code="0">(IDREF)068672640</subfield></datafield><datafield ind1="1" ind2=" " tag="700"><subfield code="a">Bouzek, Jan</subfield><subfield code="d">1935-2020</subfield><subfield code="0">(DE-588)120741164</subfield><subfield code="6">880-03</subfield></datafield><datafield ind1="1" ind2=" " tag="880"><subfield code="6">700-03</subfield><subfield code="a">Bouzek, Jan</subfield><subfield code="d">1935-2020</subfield><subfield code="0">(IDREF)030151279</subfield></datafield><datafield ind1=" " ind2=" " tag="830"><subfield code="a">BAR international series</subfield><subfield code="v">1350</subfield><subfield code="w">(NEBIS)000974199EBI01</subfield></datafield><datafield ind1=" " ind2=" " tag="830"><subfield code="a">British archaeological reports</subfield><subfield code="p">International series</subfield><subfield code="v">1350</subfield><subfield code="w">(RERO)0168976-41slsp</subfield></datafield><datafield ind1=" " ind2=" " tag="900"><subfield code="a">REROnoselfmerge</subfield></datafield><datafield ind1=" " ind2=" " tag="900"><subfield code="a">IDSZ2zbzmon200509f</subfield><subfield code="c">IDSZ2meyc</subfield><subfield code="d">IDSZ2zbzswk200509b</subfield><subfield code="e">IDSZ2brue</subfield></datafield></record>
</metadata></record>