<record><header><identifier>oai:alma.41SLSP_UGE:991000798939705502</identifier><datestamp>2024-10-17T00:10:20Z</datestamp><setSpec>uge_bcen_RapidILL_BOOK</setSpec><setSpec>uge_aaca_RapidILL_BOOK</setSpec><setSpec>uge_abels_RapidILL_BOOK</setSpec><setSpec>uge_dbu_RapidILL_BOOK</setSpec><setSpec>uge_cmu_RapidILL_BOOK</setSpec><setSpec>uge_mail_RapidILL_BOOK</setSpec><setSpec>uge_abbat_RapidILL_BOOK</setSpec><setSpec>UNIGE_ALL</setSpec><setSpec>uge_aobs_RapidILL_BOOK</setSpec><setSpec>uge_acar_RapidILL_BOOK</setSpec></header><metadata>
<record xmlns="http://www.loc.gov/MARC21/slim" xmlns:xsi="http://www.w3.org/2001/XMLSchema-instance" xsi:schemaLocation="http://www.loc.gov/MARC21/slim http://www.loc.gov/standards/marcxml/schema/MARC21slim.xsd"><leader>01392nam a2200409 c 4500</leader><controlfield tag="001">991000798939705502</controlfield><controlfield tag="005">20241016193810.0</controlfield><controlfield tag="008">201012s1967    gw ||||| |||| 00| ||ger d</controlfield><datafield ind1=" " ind2=" " tag="019"><subfield code="a">SPI Retro 203771</subfield></datafield><datafield ind1=" " ind2=" " tag="035"><subfield code="a">(swissbib)240979044-41slsp_network</subfield></datafield><datafield ind1=" " ind2=" " tag="035"><subfield code="a">240979044</subfield><subfield code="9">ExL</subfield></datafield><datafield ind1=" " ind2=" " tag="035"><subfield code="a">(RERO)1423302-41slsp</subfield></datafield><datafield ind1=" " ind2=" " tag="035"><subfield code="a">(IDSBB)000463019DSV01</subfield></datafield><datafield ind1=" " ind2=" " tag="035"><subfield code="a">(NEBIS)000862637EBI01</subfield></datafield><datafield ind1=" " ind2=" " tag="035"><subfield code="a">(EXLNZ-41SLSP_NETWORK)991139530019705501</subfield></datafield><datafield ind1=" " ind2=" " tag="040"><subfield code="a">RERO frbcuc</subfield><subfield code="d">CH-ZuSLS</subfield></datafield><datafield ind1=" " ind2="7" tag="072"><subfield code="a">al</subfield><subfield code="2">rero</subfield></datafield><datafield ind1=" " ind2="7" tag="072"><subfield code="a">as</subfield><subfield code="2">SzZuIDS BS/BE</subfield></datafield><datafield ind1="0" ind2="0" tag="245"><subfield code="a">&lt;&lt;Der&gt;&gt; deutsche Meistersang</subfield><subfield code="c">hrsg. von Bert Nagel</subfield></datafield><datafield ind1=" " ind2="1" tag="264"><subfield code="a">Darmstadt</subfield><subfield code="b">Wissenschaftliche Buchgesellschaft</subfield><subfield code="c">1967</subfield></datafield><datafield ind1=" " ind2=" " tag="300"><subfield code="a">XVI, 497 S.</subfield><subfield code="c">20 cm</subfield></datafield><datafield ind1=" " ind2=" " tag="336"><subfield code="b">txt</subfield><subfield code="2">rdacontent</subfield></datafield><datafield ind1=" " ind2=" " tag="337"><subfield code="b">n</subfield><subfield code="2">rdamedia</subfield></datafield><datafield ind1=" " ind2=" " tag="338"><subfield code="b">nc</subfield><subfield code="2">rdacarrier</subfield></datafield><datafield ind1="1" ind2=" " tag="490"><subfield code="a">Wege der Forschung</subfield><subfield code="v">Bd. 148</subfield></datafield><datafield ind1=" " ind2="7" tag="650"><subfield code="a">Meistersang</subfield><subfield code="0">(IDREF)134052579</subfield><subfield code="2">idref</subfield></datafield><datafield ind1=" " ind2="7" tag="655"><subfield code="a">[Études diverses]</subfield><subfield code="0">(RERO)A022249905</subfield><subfield code="2">rero</subfield></datafield><datafield ind1=" " ind2=" " tag="690"><subfield code="a">Minnesang</subfield><subfield code="2">uzb-UV</subfield></datafield><datafield ind1=" " ind2=" " tag="690"><subfield code="a">Mittelalter</subfield><subfield code="2">uzb-UV</subfield></datafield><datafield ind1="1" ind2=" " tag="700"><subfield code="6">880-02</subfield><subfield code="a">Nagel, Bert</subfield><subfield code="d">1907-1999</subfield><subfield code="0">(DE-588)118737856</subfield></datafield><datafield ind1="1" ind2=" " tag="880"><subfield code="6">700-02</subfield><subfield code="a">Nagel, Bert</subfield><subfield code="0">(RERO)A003627532</subfield></datafield><datafield ind1=" " ind2="0" tag="830"><subfield code="a">Wege der Forschung</subfield><subfield code="v">148</subfield><subfield code="w">(RERO)0005017-41slsp</subfield></datafield><datafield ind1=" " ind2="0" tag="830"><subfield code="a">Wege der Forschung</subfield><subfield code="v">148</subfield><subfield code="w">(NEBIS)000038687EBI01</subfield></datafield><datafield ind1=" " ind2="0" tag="830"><subfield code="a">Wege der Forschung</subfield><subfield code="v">148</subfield><subfield code="w">(IDSBB)000006852DSV01</subfield></datafield><datafield ind1=" " ind2=" " tag="900"><subfield code="a">REROnoselfmerge</subfield></datafield><datafield ind1=" " ind2=" " tag="900"><subfield code="a">IDSE1N25</subfield></datafield><datafield ind1=" " ind2=" " tag="900"><subfield code="a">IDSERSPIdummy</subfield></datafield><datafield ind1=" " ind2=" " tag="900"><subfield code="a">IDSZRMedeaZBZ</subfield><subfield code="b">IDSZRSWK</subfield></datafield></record>
</metadata></record>