<record><header><identifier>oai:alma.41SLSP_UGE:991000799249705502</identifier><datestamp>2023-03-21T01:11:52Z</datestamp><setSpec>uge_bcen_RapidILL_BOOK</setSpec><setSpec>uge_aaca_RapidILL_BOOK</setSpec><setSpec>uge_abels_RapidILL_BOOK</setSpec><setSpec>uge_dbu_RapidILL_BOOK</setSpec><setSpec>uge_cmu_RapidILL_BOOK</setSpec><setSpec>uge_mail_RapidILL_BOOK</setSpec><setSpec>uge_abbat_RapidILL_BOOK</setSpec><setSpec>UNIGE_ALL</setSpec><setSpec>uge_acar_RapidILL_BOOK</setSpec><setSpec>uge_aobs_RapidILL_BOOK</setSpec></header><metadata>
<record xmlns="http://www.loc.gov/MARC21/slim" xmlns:xsi="http://www.w3.org/2001/XMLSchema-instance" xsi:schemaLocation="http://www.loc.gov/MARC21/slim http://www.loc.gov/standards/marcxml/schema/MARC21slim.xsd"><leader>02692nam a2200325 c 4500</leader><controlfield tag="001">991000799249705502</controlfield><controlfield tag="005">20230320185243.0</controlfield><controlfield tag="008">091117s2009    fr ||||| |||| 00| ||fre d</controlfield><datafield ind1=" " ind2=" " tag="020"><subfield code="a">9782850087776</subfield><subfield code="c">16,90 EUR</subfield></datafield><datafield ind1="7" ind2=" " tag="024"><subfield code="a">http://catalogue.bnf.fr/ark:/12148/cb42035216h</subfield><subfield code="2">uri</subfield></datafield><datafield ind1=" " ind2=" " tag="035"><subfield code="a">(swissbib)109698592-41slsp_network</subfield></datafield><datafield ind1=" " ind2=" " tag="035"><subfield code="a">109698592</subfield><subfield code="9">ExL</subfield></datafield><datafield ind1=" " ind2=" " tag="035"><subfield code="a">(RERO)R005342779-41slsp</subfield></datafield><datafield ind1=" " ind2=" " tag="035"><subfield code="a">(EXLNZ-41SLSP_NETWORK)991092429789705501</subfield></datafield><datafield ind1=" " ind2=" " tag="040"><subfield code="a">FRBNF</subfield><subfield code="d">CH-ZuSLS</subfield></datafield><datafield ind1=" " ind2="7" tag="072"><subfield code="a">pe</subfield><subfield code="2">rero</subfield></datafield><datafield ind1="0" ind2="0" tag="245"><subfield code="a">Relever les défis de l'éducation nouvelle</subfield><subfield code="b">45 parcours d'avenir</subfield><subfield code="c">Lien international d'éducation nouvelle ; coordination, Odette et Michel Neumayer, Etiennette Vellas</subfield></datafield><datafield ind1=" " ind2="1" tag="264"><subfield code="a">Lyon</subfield><subfield code="b">Chronique sociale</subfield><subfield code="c">DL 2009</subfield></datafield><datafield ind1=" " ind2=" " tag="300"><subfield code="a">1 vol. (271 p.)</subfield></datafield><datafield ind1=" " ind2=" " tag="336"><subfield code="b">txt</subfield><subfield code="2">rdacontent</subfield></datafield><datafield ind1=" " ind2=" " tag="337"><subfield code="b">n</subfield><subfield code="2">rdamedia</subfield></datafield><datafield ind1=" " ind2=" " tag="338"><subfield code="b">nc</subfield><subfield code="2">rdacarrier</subfield></datafield><datafield ind1="0" ind2=" " tag="490"><subfield code="a">Comprendre la société : l'essentiel</subfield></datafield><datafield ind1=" " ind2=" " tag="504"><subfield code="a">Bibliogr. p. 267-271. Webliogr. p. 271</subfield></datafield><datafield ind1="8" ind2=" " tag="520"><subfield code="a">L'Education nouvelle est-elle toujours d'actualité ? Est-elle pertinente face aux défis liés à la nécessaire évolution des systèmes éducatifs et de formation, aux mutations dans le monde du savoir et de la création, aux changements actuels dans la vie sociale et citoyenne ? La réponse donnée dans ce livre est résolument optimiste ! 45 témoins démontrent, à travers leurs parcours, qu'une action émancipatrice est possible. Des défis semblent parfois impossibles à relever, pourtant ils le sont. Simplement parce que des hommes et des femmes se réunissent, s'engagent, prennent l'éducation au sérieux, en tous lieux. &quot;Vraiment au sérieux&quot;, écrit Philippe Meirieu dans la préface. Le Lien international d'éducation nouvelle (LIEN), qui regroupe une dizaine de mouvements et d'ONG de par le monde, a réalisé ce livre sous la forme d'un vaste atelier d'écriture. S'inscrivant dans la filiation des Freinet, Korczak ou Freire, les témoignages et analyses venus de Belgique, Bolivie, Chili, France, Luxembourg, Mexique, Russie, Suisse sont impressionnants. Parce qu'ils montrent les valeurs d'égalité, de dignité et de coopération inscrites dans leurs actes : refus des conceptions élitistes ; recherches de situations éducatives porteuses d'une culture de paix ; création d'école intégrative. Parce qu'ils démontrent qu'il est, plus que jamais, urgent d'agir, mais aussi que des outils existent</subfield><subfield code="5">RERO/njhep-/09.2011</subfield></datafield><datafield ind1=" " ind2="7" tag="650"><subfield code="a">Enseignement</subfield><subfield code="0">(IDREF)027264998</subfield><subfield code="2">idref</subfield></datafield><datafield ind1=" " ind2="7" tag="650"><subfield code="a">Méthodes actives</subfield><subfield code="0">(IDREF)052614166</subfield><subfield code="2">idref</subfield></datafield><datafield ind1="1" ind2=" " tag="700"><subfield code="a">Neumayer, Odette</subfield><subfield code="0">(IDREF)070500851</subfield></datafield><datafield ind1="1" ind2=" " tag="700"><subfield code="a">Vellas, Étiennette</subfield><subfield code="0">(IDREF)111871263</subfield></datafield><datafield ind1="2" ind2=" " tag="710"><subfield code="a">Lien international d'éducation nouvelle</subfield><subfield code="0">(IDREF)136911722</subfield></datafield><datafield ind1=" " ind2=" " tag="900"><subfield code="a">REROnoselfmerge</subfield></datafield></record>
</metadata></record>