<record><header><identifier>oai:alma.41SLSP_UGE:991000798629705502</identifier><datestamp>2024-10-17T00:10:24Z</datestamp><setSpec>uge_bcen_RapidILL_BOOK</setSpec><setSpec>uge_aaca_RapidILL_BOOK</setSpec><setSpec>uge_abels_RapidILL_BOOK</setSpec><setSpec>uge_dbu_RapidILL_BOOK</setSpec><setSpec>uge_cmu_RapidILL_BOOK</setSpec><setSpec>uge_mail_RapidILL_BOOK</setSpec><setSpec>uge_abbat_RapidILL_BOOK</setSpec><setSpec>UNIGE_ALL</setSpec><setSpec>uge_aobs_RapidILL_BOOK</setSpec><setSpec>uge_acar_RapidILL_BOOK</setSpec></header><metadata>
<record xmlns="http://www.loc.gov/MARC21/slim" xmlns:xsi="http://www.w3.org/2001/XMLSchema-instance" xsi:schemaLocation="http://www.loc.gov/MARC21/slim http://www.loc.gov/standards/marcxml/schema/MARC21slim.xsd"><leader>01529naa a2200277 c 4500</leader><controlfield tag="001">991000798629705502</controlfield><controlfield tag="005">20241016181908.0</controlfield><controlfield tag="008">130702s2013    sz ||||| |||| 00| ||ger d</controlfield><datafield ind1=" " ind2=" " tag="035"><subfield code="a">(swissbib)117629839-41slsp_network</subfield></datafield><datafield ind1=" " ind2=" " tag="035"><subfield code="a">117629839</subfield><subfield code="9">ExL</subfield></datafield><datafield ind1=" " ind2=" " tag="035"><subfield code="a">(RERO)R007336754-41slsp</subfield></datafield><datafield ind1=" " ind2=" " tag="035"><subfield code="a">(EXLNZ-41SLSP_NETWORK)991116606829705501</subfield></datafield><datafield ind1=" " ind2=" " tag="040"><subfield code="a">RERO geubfd</subfield><subfield code="d">CH-ZuSLS</subfield></datafield><datafield ind1=" " ind2=" " tag="044"><subfield code="a">sz</subfield><subfield code="c">ch-be</subfield></datafield><datafield ind1=" " ind2="7" tag="072"><subfield code="a">dr</subfield><subfield code="2">rero</subfield></datafield><datafield ind1=" " ind2=" " tag="084"><subfield code="a">A 90.7 i</subfield><subfield code="2">cjurrom</subfield></datafield><datafield ind1=" " ind2=" " tag="084"><subfield code="a">A 79 i</subfield><subfield code="2">cjurrom</subfield></datafield><datafield ind1="1" ind2=" " tag="100"><subfield code="a">Schuchter, Alexander</subfield><subfield code="0">(RERO)A016316180</subfield><subfield code="4">cre</subfield></datafield><datafield ind1="1" ind2="0" tag="245"><subfield code="a">Compliance &amp; integrity</subfield><subfield code="b">Strategien für konformes Verhalten in Unternehmen</subfield><subfield code="c">Alexander Schuchter, Michael Levi</subfield></datafield><datafield ind1="1" ind2=" " tag="246"><subfield code="a">Compliance and integrity</subfield></datafield><datafield ind1=" " ind2=" " tag="336"><subfield code="b">txt</subfield><subfield code="2">rdacontent</subfield></datafield><datafield ind1=" " ind2=" " tag="337"><subfield code="b">n</subfield><subfield code="2">rdamedia</subfield></datafield><datafield ind1=" " ind2=" " tag="338"><subfield code="b">nc</subfield><subfield code="2">rdacarrier</subfield></datafield><datafield ind1=" " ind2=" " tag="580"><subfield code="a">In: Kriminologie, Kriminalpolitik und Strafrecht aus internationaler Perspektive : Festschrift für Martin Killias zum 65. Geburtstag. - Bern : Stämpfli, 2013. - P. 411-423</subfield></datafield><datafield ind1="1" ind2=" " tag="700"><subfield code="a">Levi, Michael</subfield><subfield code="d">1948-</subfield><subfield code="0">(RERO)A003516762</subfield></datafield><datafield ind1="0" ind2=" " tag="773"><subfield code="t">Kriminologie, Kriminalpolitik und Strafrecht aus internationaler Perspektive : Festschrift für Martin Killias zum 65. Geburtstag = Criminologie, politique criminelle et droit pénal dans une perspective internationale : mélanges en l'honneur de Martin Killias à l'occasion de son 65e anniversaire = Criminology, criminal policy and criminal law in an international perspective : essays in honour of Martin Killias on the occasion of his 65th birthday</subfield><subfield code="g">411</subfield><subfield code="w">(RERO)R007312998-41slsp</subfield></datafield><datafield ind1=" " ind2=" " tag="900"><subfield code="a">REROnoselfmerge</subfield></datafield></record>
</metadata></record>