<record><header><identifier>oai:alma.41SLSP_UGE:991000798509705502</identifier><datestamp>2024-10-17T00:10:12Z</datestamp><setSpec>uge_bcen_RapidILL_BOOK</setSpec><setSpec>uge_aaca_RapidILL_BOOK</setSpec><setSpec>uge_abels_RapidILL_BOOK</setSpec><setSpec>uge_dbu_RapidILL_BOOK</setSpec><setSpec>uge_cmu_RapidILL_BOOK</setSpec><setSpec>uge_mail_RapidILL_BOOK</setSpec><setSpec>uge_abbat_RapidILL_BOOK</setSpec><setSpec>UNIGE_ALL</setSpec><setSpec>uge_aobs_RapidILL_BOOK</setSpec><setSpec>uge_acar_RapidILL_BOOK</setSpec></header><metadata>
<record xmlns="http://www.loc.gov/MARC21/slim" xmlns:xsi="http://www.w3.org/2001/XMLSchema-instance" xsi:schemaLocation="http://www.loc.gov/MARC21/slim http://www.loc.gov/standards/marcxml/schema/MARC21slim.xsd"><leader>01123nam a2200325 c 4500</leader><controlfield tag="001">991000798509705502</controlfield><controlfield tag="005">20241016203155.0</controlfield><controlfield tag="008">201011s1927    gw ||||| |||| 00| ||ger d</controlfield><datafield ind1=" " ind2=" " tag="035"><subfield code="a">(swissbib)213014602-41slsp_network</subfield></datafield><datafield ind1=" " ind2=" " tag="035"><subfield code="a">213014602</subfield><subfield code="9">ExL</subfield></datafield><datafield ind1=" " ind2=" " tag="035"><subfield code="a">(RERO)R003381033-41slsp</subfield></datafield><datafield ind1=" " ind2=" " tag="035"><subfield code="a">(IDSBB)003456148DSV01</subfield></datafield><datafield ind1=" " ind2=" " tag="035"><subfield code="a">(NEBIS)010130750EBI01</subfield></datafield><datafield ind1=" " ind2=" " tag="035"><subfield code="a">(EXLNZ-41SLSP_NETWORK)991146145379705501</subfield></datafield><datafield ind1=" " ind2=" " tag="040"><subfield code="a">RERO neubc-</subfield><subfield code="d">CH-ZuSLS</subfield></datafield><datafield ind1=" " ind2="7" tag="072"><subfield code="a">ar</subfield><subfield code="2">rero</subfield></datafield><datafield ind1="1" ind2=" " tag="100"><subfield code="a">Gumpert, Carl</subfield><subfield code="0">(IDREF)133551571</subfield><subfield code="4">cre</subfield></datafield><datafield ind1="1" ind2="0" tag="245"><subfield code="a">Fränkisches Mesolithikum</subfield><subfield code="b">die steinzeitliche Besiedlung der fränkischen Rezat und oberen Altmühl im Tardenoisien</subfield><subfield code="c">von Carl Gumpert</subfield></datafield><datafield ind1=" " ind2="1" tag="264"><subfield code="a">Leipzig</subfield><subfield code="b">C. Kabitzsch</subfield><subfield code="c">1927</subfield></datafield><datafield ind1=" " ind2=" " tag="300"><subfield code="a">VI, 121 S.</subfield><subfield code="b">Ill.</subfield><subfield code="c">25 cm</subfield></datafield><datafield ind1=" " ind2=" " tag="336"><subfield code="b">txt</subfield><subfield code="2">rdacontent</subfield></datafield><datafield ind1=" " ind2=" " tag="337"><subfield code="b">n</subfield><subfield code="2">rdamedia</subfield></datafield><datafield ind1=" " ind2=" " tag="338"><subfield code="b">nc</subfield><subfield code="2">rdacarrier</subfield></datafield><datafield ind1="1" ind2=" " tag="490"><subfield code="a">Mannus-Bibliothek</subfield><subfield code="v">Nr. 40</subfield></datafield><datafield ind1=" " ind2="4" tag="650"><subfield code="a">Mesolithikum</subfield></datafield><datafield ind1=" " ind2="4" tag="651"><subfield code="a">Franken</subfield></datafield><datafield ind1=" " ind2="0" tag="830"><subfield code="a">Mannus-Bibliothek</subfield><subfield code="v">40</subfield><subfield code="w">(NEBIS)000058707EBI01</subfield></datafield><datafield ind1=" " ind2="0" tag="830"><subfield code="a">Mannus-Bibliothek</subfield><subfield code="v">40</subfield><subfield code="w">(RERO)0998399-41slsp</subfield></datafield><datafield ind1=" " ind2="0" tag="830"><subfield code="a">Mannus-Bibliothek</subfield><subfield code="v">40</subfield><subfield code="w">(IDSBB)000149632DSV01</subfield></datafield><datafield ind1=" " ind2=" " tag="900"><subfield code="a">REROnoselfmerge</subfield></datafield><datafield ind1=" " ind2=" " tag="900"><subfield code="a">IDSERMedeaSNM</subfield></datafield></record>
</metadata></record>