<record><header><identifier>oai:alma.41SLSP_UGE:991000799029705502</identifier><datestamp>2023-04-13T00:09:43Z</datestamp><setSpec>uge_bcen_RapidILL_BOOK</setSpec><setSpec>uge_aaca_RapidILL_BOOK</setSpec><setSpec>uge_abels_RapidILL_BOOK</setSpec><setSpec>uge_dbu_RapidILL_BOOK</setSpec><setSpec>uge_cmu_RapidILL_BOOK</setSpec><setSpec>uge_mail_RapidILL_BOOK</setSpec><setSpec>uge_abbat_RapidILL_BOOK</setSpec><setSpec>UNIGE_ALL</setSpec><setSpec>uge_acar_RapidILL_BOOK</setSpec><setSpec>uge_aobs_RapidILL_BOOK</setSpec></header><metadata>
<record xmlns="http://www.loc.gov/MARC21/slim" xmlns:xsi="http://www.w3.org/2001/XMLSchema-instance" xsi:schemaLocation="http://www.loc.gov/MARC21/slim http://www.loc.gov/standards/marcxml/schema/MARC21slim.xsd"><leader>02864nam a2200565 c 4500</leader><controlfield tag="001">991000799029705502</controlfield><controlfield tag="005">20230412195835.0</controlfield><controlfield tag="008">201011s2014    xxu||||| |||| 00| ||eng d</controlfield><datafield ind1=" " ind2=" " tag="010"><subfield code="a">2013011136</subfield></datafield><datafield ind1=" " ind2=" " tag="020"><subfield code="a">9781462512164</subfield><subfield code="q">hardback</subfield></datafield><datafield ind1=" " ind2=" " tag="020"><subfield code="a">146251216X</subfield><subfield code="q">hardback</subfield></datafield><datafield ind1=" " ind2=" " tag="035"><subfield code="a">(swissbib)215503155-41slsp_network</subfield></datafield><datafield ind1=" " ind2=" " tag="035"><subfield code="a">215503155</subfield><subfield code="9">ExL</subfield></datafield><datafield ind1=" " ind2=" " tag="035"><subfield code="a">(RERO)R007468548-41slsp</subfield></datafield><datafield ind1=" " ind2=" " tag="035"><subfield code="a">(NEBIS)010021475EBI01</subfield></datafield><datafield ind1=" " ind2=" " tag="035"><subfield code="a">(OCoLC)862719697</subfield></datafield><datafield ind1=" " ind2=" " tag="035"><subfield code="a">(EXLNZ-41SLSP_NETWORK)991126926729705501</subfield></datafield><datafield ind1=" " ind2=" " tag="040"><subfield code="a">DLC</subfield><subfield code="d">CH-ZuSLS</subfield></datafield><datafield ind1=" " ind2="0" tag="050"><subfield code="a">LC4801</subfield><subfield code="b">.H345 2013</subfield></datafield><datafield ind1=" " ind2="7" tag="072"><subfield code="a">pe</subfield><subfield code="2">rero</subfield></datafield><datafield ind1="0" ind2="0" tag="082"><subfield code="a">371.93</subfield><subfield code="2">23</subfield></datafield><datafield ind1=" " ind2=" " tag="084"><subfield code="a">371.93</subfield><subfield code="2">z</subfield></datafield><datafield ind1="0" ind2="0" tag="245"><subfield code="a">Handbook of evidence-based practices for emotional and behavioral disorders</subfield><subfield code="b">applications in schools</subfield><subfield code="c">ed. by Hill M. Walker ... [et al.]</subfield></datafield><datafield ind1=" " ind2="1" tag="264"><subfield code="a">New York</subfield><subfield code="b">The Guilford Press</subfield><subfield code="c">2014</subfield></datafield><datafield ind1=" " ind2=" " tag="300"><subfield code="a">622 p.</subfield><subfield code="b">ill.</subfield></datafield><datafield ind1=" " ind2=" " tag="336"><subfield code="b">txt</subfield><subfield code="2">rdacontent</subfield></datafield><datafield ind1=" " ind2=" " tag="337"><subfield code="b">n</subfield><subfield code="2">rdamedia</subfield></datafield><datafield ind1=" " ind2=" " tag="338"><subfield code="b">nc</subfield><subfield code="2">rdacarrier</subfield></datafield><datafield ind1=" " ind2=" " tag="504"><subfield code="a">Includes bibliographical references and index.</subfield></datafield><datafield ind1="8" ind2=" " tag="520"><subfield code="a">&quot;This handbook is designed for use by practicing professionals who are charged with accommodating the needs of students having emotional and behavioral disorders and problems within the context of schooling. This handbook consists of 32 chapters and is divided into six sections:(1) foundations, (2) screening, performance monitoring, and assessment, (3) interventions targeting specific disorders, settings and/or developmental levels, (4) generic intervention approaches, (5) early intervention, and (6) research. The editors view the book as a compendium of accessible best practices that, if practitioners adopt and apply with high levels of treatment integrity, will produce a strong impact on the emotional and behavioral problems that challenge the school success of EBD students&quot;--</subfield><subfield code="c">Provided by publisher</subfield></datafield><datafield ind1=" " ind2="0" tag="650"><subfield code="a">Behavior disorders in children</subfield></datafield><datafield ind1=" " ind2="0" tag="650"><subfield code="a">Behavioral assessment of children</subfield></datafield><datafield ind1=" " ind2="0" tag="650"><subfield code="a">Educational psychology</subfield></datafield><datafield ind1=" " ind2="0" tag="650"><subfield code="a">Emotional problems of children</subfield></datafield><datafield ind1=" " ind2="0" tag="650"><subfield code="a">Mentally ill children</subfield><subfield code="x">Education</subfield></datafield><datafield ind1=" " ind2="0" tag="650"><subfield code="a">Problem children</subfield><subfield code="x">Education</subfield></datafield><datafield ind1=" " ind2="7" tag="650"><subfield code="a">Éducation spéciale</subfield><subfield code="0">(IDREF)04865163X</subfield><subfield code="2">idref</subfield></datafield><datafield ind1=" " ind2="7" tag="650"><subfield code="a">Psychologie de l'éducation</subfield><subfield code="0">(IDREF)027241688</subfield><subfield code="2">idref</subfield></datafield><datafield ind1=" " ind2="7" tag="650"><subfield code="a">Enfants malades mentaux</subfield><subfield code="0">(IDREF)027387410</subfield><subfield code="2">idref</subfield></datafield><datafield ind1=" " ind2="7" tag="650"><subfield code="a">Troubles du comportement</subfield><subfield code="0">(IDREF)034237410</subfield><subfield code="2">idref</subfield></datafield><datafield ind1=" " ind2="7" tag="650"><subfield code="a">Émotions</subfield><subfield code="0">(IDREF)027387402</subfield><subfield code="2">idref</subfield></datafield><datafield ind1=" " ind2="7" tag="650"><subfield code="a">Verhaltensstörung</subfield><subfield code="0">(DE-588)4062872-3</subfield><subfield code="2">gnd</subfield></datafield><datafield ind1=" " ind2="7" tag="650"><subfield code="a">Gefühlsstörung</subfield><subfield code="0">(DE-588)4156272-0</subfield><subfield code="2">gnd</subfield></datafield><datafield ind1=" " ind2="7" tag="650"><subfield code="a">Inklusive Schule</subfield><subfield code="0">(DE-588)7693897-9</subfield><subfield code="2">gnd</subfield></datafield><datafield ind1=" " ind2="7" tag="650"><subfield code="a">Kind</subfield><subfield code="0">(DE-588)4030550-8</subfield><subfield code="2">gnd</subfield></datafield><datafield ind1=" " ind2="7" tag="650"><subfield code="a">Jugend</subfield><subfield code="0">(DE-588)4028859-6</subfield><subfield code="2">gnd</subfield></datafield><datafield ind1=" " ind2="4" tag="655"><subfield code="a">Aufsatzsammlung</subfield></datafield><datafield ind1="1" ind2=" " tag="700"><subfield code="a">Gresham, Frank M.</subfield></datafield><datafield ind1="1" ind2=" " tag="700"><subfield code="a">Walker, Hill M.</subfield><subfield code="0">(IDREF)076292002</subfield></datafield><datafield ind1=" " ind2=" " tag="900"><subfield code="a">REROnoselfmerge</subfield></datafield><datafield ind1=" " ind2=" " tag="910"><subfield code="a">LOC</subfield><subfield code="b">20130906</subfield><subfield code="c">Droits réservés</subfield></datafield></record>
</metadata></record>