<record><header><identifier>oai:alma.41SLSP_UGE:991000798929705502</identifier><datestamp>2023-03-05T01:08:24Z</datestamp><setSpec>uge_bcen_RapidILL_BOOK</setSpec><setSpec>uge_aaca_RapidILL_BOOK</setSpec><setSpec>uge_abels_RapidILL_BOOK</setSpec><setSpec>uge_dbu_RapidILL_BOOK</setSpec><setSpec>uge_cmu_RapidILL_BOOK</setSpec><setSpec>uge_mail_RapidILL_BOOK</setSpec><setSpec>UNIGE_ALL</setSpec><setSpec>uge_abbat_RapidILL_BOOK</setSpec><setSpec>uge_aobs_RapidILL_BOOK</setSpec><setSpec>uge_acar_RapidILL_BOOK</setSpec></header><metadata>
<record xmlns="http://www.loc.gov/MARC21/slim" xmlns:xsi="http://www.w3.org/2001/XMLSchema-instance" xsi:schemaLocation="http://www.loc.gov/MARC21/slim http://www.loc.gov/standards/marcxml/schema/MARC21slim.xsd"><leader>02520nam a2200421 c 4500</leader><controlfield tag="001">991000798929705502</controlfield><controlfield tag="005">20230303205613.0</controlfield><controlfield tag="008">171110s2017    xxu||||| |||| 00| ||eng d</controlfield><datafield ind1=" " ind2=" " tag="020"><subfield code="a">9781438467375</subfield><subfield code="q">hardcover : alk. paper</subfield></datafield><datafield ind1=" " ind2=" " tag="035"><subfield code="a">(swissbib)12433153X-41slsp_network</subfield></datafield><datafield ind1=" " ind2=" " tag="035"><subfield code="a">12433153X</subfield><subfield code="9">ExL</subfield></datafield><datafield ind1=" " ind2=" " tag="035"><subfield code="a">(RERO)R008729597-41slsp</subfield></datafield><datafield ind1=" " ind2=" " tag="035"><subfield code="a">(EXLNZ-41SLSP_NETWORK)991139792429705501</subfield></datafield><datafield ind1=" " ind2=" " tag="040"><subfield code="a">DLC</subfield><subfield code="b">eng</subfield><subfield code="e">rda</subfield><subfield code="d">CH-ZuSLS</subfield></datafield><datafield ind1=" " ind2="0" tag="050"><subfield code="a">B398.C63</subfield><subfield code="b">T36 2017</subfield></datafield><datafield ind1=" " ind2="7" tag="072"><subfield code="a">ph</subfield><subfield code="2">rero</subfield></datafield><datafield ind1=" " ind2="7" tag="072"><subfield code="a">gr</subfield><subfield code="2">rero</subfield></datafield><datafield ind1="0" ind2="0" tag="082"><subfield code="a">184</subfield><subfield code="2">23</subfield></datafield><datafield ind1="1" ind2=" " tag="100"><subfield code="a">Tanner, Sonja Madeleine</subfield><subfield code="d">1972-....</subfield><subfield code="0">(IDREF)154672963</subfield><subfield code="4">cre</subfield></datafield><datafield ind1="1" ind2="0" tag="245"><subfield code="a">Plato's laughter</subfield><subfield code="b">Socrates as satyr and comical hero</subfield><subfield code="c">Sonja Madeleine Tanner</subfield></datafield><datafield ind1=" " ind2="1" tag="264"><subfield code="a">Albany, NY</subfield><subfield code="b">State University of New York Press</subfield><subfield code="c">2017</subfield></datafield><datafield ind1=" " ind2=" " tag="300"><subfield code="a">233 pages</subfield><subfield code="c">24 cm</subfield></datafield><datafield ind1=" " ind2=" " tag="336"><subfield code="b">txt</subfield><subfield code="2">rdacontent</subfield></datafield><datafield ind1=" " ind2=" " tag="337"><subfield code="b">n</subfield><subfield code="2">rdamedia</subfield></datafield><datafield ind1=" " ind2=" " tag="338"><subfield code="b">nc</subfield><subfield code="2">rdacarrier</subfield></datafield><datafield ind1="0" ind2=" " tag="490"><subfield code="a">SUNY series in ancient Greek philosophy</subfield></datafield><datafield ind1=" " ind2=" " tag="504"><subfield code="a">Includes bibliographical references and index</subfield></datafield><datafield ind1="8" ind2=" " tag="520"><subfield code="a">Plato was described as a boor and it was said that he never laughed out loud. Yet his dialogues abound with puns, jokes, and humor. Sonja Madeleine Tanner argues that in Plato's dialogues Socrates plays a comical hero who draws heavily from the tradition of comedy in ancient Greece, but also reforms laughter to be applicable to all persons and truly shaming to none. Socrates introduces a form of self-reflective laughter that encourages, rather than stifles, philosophical inquiry. Laughter in the dialogues - both explicit and implied - suggests a view of human nature as incongruous with ourselves, simultaneously falling short of, and superseding, our own capacities. What emerges is a picture of human nature that bears a striking resemblance to Socrates' own, laughable depiction, one inspired by Dionysus, but one that remains ultimately intractable. The book analyzes specific instances of laughter and the comical from the Apology, Laches, Charmides, Cratylus, Euthydemus, and the Symposium to support this, and to further elucidate the philosophical consequences of recognizing Plato's laughter</subfield></datafield><datafield ind1="0" ind2="0" tag="600"><subfield code="a">Plato</subfield><subfield code="d">ca. 427- ca. 348 av. J.-C.</subfield></datafield><datafield ind1="0" ind2="0" tag="600"><subfield code="a">Socrates</subfield></datafield><datafield ind1="0" ind2="7" tag="600"><subfield code="a">Socrate</subfield><subfield code="d">0469?-0399? av. J.-C.</subfield><subfield code="0">(IDREF)028260929</subfield><subfield code="2">idref</subfield></datafield><datafield ind1=" " ind2="0" tag="650"><subfield code="a">Comic, The</subfield></datafield><datafield ind1=" " ind2="0" tag="650"><subfield code="a">Laughter</subfield></datafield><datafield ind1=" " ind2="0" tag="650"><subfield code="a">Wit and humor</subfield></datafield><datafield ind1=" " ind2="7" tag="650"><subfield code="a">Humour</subfield><subfield code="0">(IDREF)029918251</subfield><subfield code="2">idref</subfield></datafield><datafield ind1=" " ind2="7" tag="650"><subfield code="a">Comique</subfield><subfield code="0">(IDREF)027230473</subfield><subfield code="2">idref</subfield></datafield><datafield ind1=" " ind2="7" tag="650"><subfield code="a">Rire</subfield><subfield code="0">(IDREF)027242706</subfield><subfield code="2">idref</subfield></datafield><datafield ind1=" " ind2=" " tag="900"><subfield code="a">REROnoselfmerge</subfield></datafield><datafield ind1=" " ind2=" " tag="910"><subfield code="a">OCoLC</subfield><subfield code="b">20171110</subfield><subfield code="c">Droits réservés</subfield></datafield></record>
</metadata></record>