<record><header><identifier>oai:alma.41SLSP_UGE:991000798439705502</identifier><datestamp>2023-03-01T01:09:27Z</datestamp><setSpec>uge_cmu_RapidILL_JOURNAL</setSpec><setSpec>uge_aobs_RapidILL_JOURNAL</setSpec><setSpec>uge_aaca_RapidILL_JOURNAL</setSpec><setSpec>uge_bcen_RapidILL_JOURNAL</setSpec><setSpec>uge_abbat_RapidILL_JOURNAL</setSpec><setSpec>uge_mail_RapidILL_JOURNAL</setSpec><setSpec>uge_dbu_RapidILL_JOURNAL</setSpec><setSpec>UNIGE_ALL</setSpec><setSpec>uge_abels_RapidILL_JOURNAL</setSpec><setSpec>uge_acar_RapidILL_JOURNAL</setSpec></header><metadata>
<record xmlns="http://www.loc.gov/MARC21/slim" xmlns:xsi="http://www.w3.org/2001/XMLSchema-instance" xsi:schemaLocation="http://www.loc.gov/MARC21/slim http://www.loc.gov/standards/marcxml/schema/MARC21slim.xsd"><leader>01250nas a2200385 c 4500</leader><controlfield tag="001">991000798439705502</controlfield><controlfield tag="005">20201230203658.0</controlfield><controlfield tag="008">201011d19281990rm || p|  ||| 0    0fre d</controlfield><datafield ind1=" " ind2=" " tag="022"><subfield code="a">0004-0037</subfield></datafield><datafield ind1=" " ind2=" " tag="035"><subfield code="a">(swissbib)224897152-41slsp_network</subfield></datafield><datafield ind1=" " ind2=" " tag="035"><subfield code="a">224897152</subfield><subfield code="9">ExL</subfield></datafield><datafield ind1=" " ind2=" " tag="035"><subfield code="a">(RERO)0656738-41slsp</subfield></datafield><datafield ind1=" " ind2=" " tag="035"><subfield code="a">(NEBIS)006187224EBI01</subfield></datafield><datafield ind1=" " ind2=" " tag="035"><subfield code="a">(EXLNZ-41SLSP_NETWORK)991018669169705501</subfield></datafield><datafield ind1=" " ind2=" " tag="040"><subfield code="a">RERO geudbu</subfield><subfield code="d">CH-ZuSLS</subfield></datafield><datafield ind1=" " ind2="7" tag="072"><subfield code="a">bi</subfield><subfield code="2">rero</subfield></datafield><datafield ind1=" " ind2="7" tag="072"><subfield code="a">me</subfield><subfield code="2">rero</subfield></datafield><datafield ind1="0" ind2="4" tag="082"><subfield code="a">616.07</subfield><subfield code="b">A6735r</subfield></datafield><datafield ind1="0" ind2="0" tag="245"><subfield code="a">Archives roumaines de pathologie expérimentale et de microbiologie</subfield></datafield><datafield ind1=" " ind2="1" tag="264"><subfield code="a">Paris</subfield><subfield code="a">[puis] Bucureşti</subfield><subfield code="b">Masson [puis]</subfield><subfield code="b">Institutul I. Cantacuzino</subfield></datafield><datafield ind1=" " ind2=" " tag="300"><subfield code="c">25 cm [puis] 23 cm</subfield></datafield><datafield ind1=" " ind2=" " tag="310"><subfield code="a">Trimestriel</subfield></datafield><datafield ind1=" " ind2=" " tag="336"><subfield code="b">txt</subfield><subfield code="2">rdacontent</subfield></datafield><datafield ind1=" " ind2=" " tag="337"><subfield code="b">n</subfield><subfield code="2">rdamedia</subfield></datafield><datafield ind1=" " ind2=" " tag="338"><subfield code="b">nc</subfield><subfield code="2">rdacarrier</subfield></datafield><datafield ind1="0" ind2=" " tag="362"><subfield code="a">T. 1(1928)-t. 15,no 2(1948) ; t. 16(1957)-49(1990)</subfield></datafield><datafield ind1=" " ind2=" " tag="580"><subfield code="a">Devient: Roumanian archives of microbiology and immunology</subfield></datafield><datafield ind1=" " ind2="2" tag="650"><subfield code="a">Pathology</subfield></datafield><datafield ind1=" " ind2="2" tag="650"><subfield code="a">Microbiology</subfield></datafield><datafield ind1=" " ind2="0" tag="650"><subfield code="a">Microbiology</subfield><subfield code="v">Periodicals</subfield></datafield><datafield ind1=" " ind2="0" tag="650"><subfield code="a">Pathology</subfield><subfield code="v">Periodicals</subfield></datafield><datafield ind1=" " ind2="2" tag="655"><subfield code="a">Periodical</subfield></datafield><datafield ind1="0" ind2="0" tag="785"><subfield code="t">Roumanian archives of microbiology and immunology</subfield></datafield><datafield ind1=" " ind2=" " tag="900"><subfield code="a">REROnoselfmerge</subfield></datafield><datafield ind1=" " ind2=" " tag="900"><subfield code="a">IDSZ2zbzzss201010r</subfield><subfield code="c">IDSZ2muew</subfield></datafield><datafield ind1=" " ind2=" " tag="900"><subfield code="a">NEBISnoselfmerge</subfield></datafield></record>
</metadata></record><resumptionToken>1900-01-01@all@UNIGE_ALL@marc21@5986523270005502</resumptionToken></ListRecords></OAI-PMH>